@book{schu96book,
  title={Techniques and applications of path integration},
  author={Schulman, L. S.},
  year={1996},
  publisher={John Wiley}
}


@article{pred+03jcp,
author = {C. Predescu and D. Sabo and J. D. Doll and D. L. Freeman},
title={{Heat capacity estimators for random series path-integral methods by finite 
difference schemes}},
year = {2003},
journal = {J. Chem. Phys.},
volume = {119},
number = {23},
pages = {12119-12128},
}





@Article{vand-krac05cpc,
	author = {VandeVondele, J. and Krack, M. and Mohamed, F. and Parrinello, M. and Chassaing, T. and Hutter, J.},
	title = {{QUICKSTEP: Fast and accurate density functional calculations using a mixed Gaussian and plane waves approach}},
	journal = {{Comp. Phys. Comm.}},
	volume = {{167}},
	pages = {103},
	year = {{2005}},

}

@article{kuhn+07prl,
	author = {K{\"{u}}hne, T. D. and Krack, M. and Mohamed, F. R. and Parrinello, M.},
	title = {{Efficient and Accurate Car-Parrinello-like Approach to Born-Oppenheimer Molecular Dynamics}},
	journal = {{Phys. Rev. Lett.}},
	volume = {{98}},
	pages = {066401},
	year = {{2007}},

}

@misc{CP2K,
	howpublished = {{http://cp2k.berlios.de}},
	title = {{{CP2K}}},

}

@Unpublished{biblio-car-parrinello,

}

@article{goed+96prb,
	Publisher = {{APS}},
	author = {Goedecker, S. and Teter, M. and Hutter, J.},
	title = {{Separable dual-space Gaussian pseudopotentials}},
	journal = {{Phys. Rev. B}},
	volume = {{54}},
	number = {{3}},
	pages = {1703-1710},
	year = {{1996}},

}

@Article{hart+96prb,
	Publisher = {{APS}},
	author = {Hartwigsen, C. and Goedecker, S. and Hutter, J.},
	title = {{Relativistic separable dual-space Gaussian pseudopotentials from H to Rn}},
	journal = {{Phys. Rev. B}},
	volume = {{58}},
	number = {{7}},
	pages = {3641-3662},
	year = {{1998}},

}

@Article{krac05tca,
	Publisher = {{Springer}},
	author = {Krack, M.},
	title = {{Pseudopotentials for H to Kr optimized for gradient-corrected exchange-correlation functionals}},
	journal = {{Theoretical Chemistry Accounts: Theory, Computation, and Modeling (Theoretica Chimica Acta)}},
	volume = {{114}},
	number = {{1}},
	pages = {145-152},
	year = {{2005}},

}

@Article{perd+96prl,
	author = {Perdew, J. P. and Burke, K. and Ernzerhof, M.},
	title = {{Generalized Gradient Approximation made simple}},
	journal = {{Phys. Rev. Lett.}},
	volume = {{77}},
	pages = {3865},
	year = {{1996}},

}

@Unpublished{biblio-ab-initio,

}

@article{buss-parr08cpc,

	author = {Bussi, G. and Parrinello, M.},
	title = {{Stochastic thermostats: comparison of local and global schemes}},
	journal = {{Comp. Phys. Comm.}},
	volume = {{179}},
	pages = {26},
	year = {{2008}},


}

@Article{buss+07jcp,
	author = {Bussi, G. and Donadio, D. and  Parrinello, M.},
	title = {{Canonical sampling through velocity rescaling}},
	journal = {{J. Chem. Phys.}},
	volume = {{126}},
	number = {{1}},
	pages = {014101},
	year = {{2007}},


}

@article{buss-parr07pre,
	Publisher = {{APS}},
	author = {Bussi, G. and Parrinello, M.},
	title = {{Accurate sampling using Langevin dynamics}},
	journal = {{Phys. Rev. E}},
	volume = {{75}},
	number = {{5}},
	pages = {056707},
	year = {{2007}},


}

@article{levi60iret,
	author = {M. J. Levin},
	title = {{Generation of a Sampled Gaussian Time Series Having a Specified Correlation Function}},
	journal = {{IRE Trans. Inf. Th.}},
	volume = {{6}},
	pages = {545},
	year = {{1960}},

}

@Article{hunt-kear83bcy,
	author = {Hunter, I. W. and Kearney, R. E.},
	title = {{Generation of random sequences with jointly specified probability density and autocorrelation functions}},
	journal = {{Biological Cybernetics}},
	volume = {{47}},
	number = {{2}},
	pages = {141},
	year = {{2000}},

}

@Article{zwan-aila69pr,
	Publisher = {{APS}},
	author = {Zwanzig, R. and Ailawadi, N. K.},
	title = {{Statistical Error Due to Finite Time Averaging in Computer Experiments}},
	journal = {{Phys. Rev.}},
	volume = {{182}},
	number = {{1}},
	pages = {280-283},
	year = {{1969}},

}

@article{lucz05chaos,
	author = {J. {\L}uczka},
	title = {{Non-Markovian stochastic processes: Colored noise}},
	journal = {{Chaos}},
	volume = {{15}},
	number = {{2}},
	pages = {026107},
	year = {{2005}},


}

@Article{fox+88pra,
	Doi = {{10.1103/PhysRevA.38.5938}},
	Month = {{Dec}},
	Publisher = {{American Physical Society}},
	author = {Fox, Ronald F. and Gatland, Ian R. and Roy, Rajarshi and Vemuri, Gautam},
	title = {{Fast, accurate algorithm for numerical simulation of exponentially correlated colored noise}},
	journal = {{Phys. Rev. A}},
	volume = {{38}},
	number = {{11}},
	pages = {5938-5940},
	year = {{1988}},


}

@article{fox91pra,
	Doi = {{10.1103/PhysRevA.43.2649}},
	Month = {{Mar}},
	Numpages = {{5}},
	Publisher = {{American Physical Society}},
	author = {Fox, Ronald F.},
	title = {{Second-order algorithm for the numerical integration of colored-noise problems}},
	journal = {{Phys. Rev. A}},
	volume = {{43}},
	number = {{6}},
	pages = {2649-2654},
	year = {{1991}},

}

@article{marc-grig83jcp,
	Publisher = {{AIP}},
	author = {Marchesoni, F. and Grigolini, P.},
	title = {{On the extension of the Kramers theory of chemical relaxation to the case of nonwhite noise}},
	journal = {{J. Chem. Phys.}},
	volume = {{78}},
	pages = {6287},
	year = {{1983}},

}

@article{tuck+92jcp,
	author = {Tuckerman, M. and Berne, B. J. and Martyna, G. J.},
	title = {{Reversible multiple time scale molecular dynamics}},
	journal = {{J. Chem. Phys.}},
	volume = {{97}},
	number = {{3}},
	pages = {1990},
	year = {{1992}},

}

@article{sit-marz05jcp,
	Publisher = {{AIP}},
	author = {Sit, P. H. L. and Marzari, N.},
	title = {{Static and dynamical properties of heavy water at ambient conditions from first-principles molecular dynamics}},
	journal = {{J. Chem. Phys.}},
	volume = {{122}},
	pages = {204510},
	year = {{2005}},

}

@article{hoov85pra,
	Publisher = {{APS}},
	author = {Hoover, W. G.},
	title = {{Canonical dynamics: Equilibrium phase-space distributions}},
	journal = {{Phys. Rev. A}},
	volume = {{31}},
	number = {{3}},
	pages = {1695-1697},
	year = {{1985}},

}

@article{hans-yang08jcp,
	Doi = {{10.1063/1.2931943}},
	Eid = {{214101}},

	Numpages = {{6}},
	Publisher = {{AIP}},
	author = {Hanson, Jeffery A. and Yang, Haw},
	title = {{A general statistical test for correlations in a finite-length time series}},
	journal = {{J. Chem. Phys.}},
	volume = {{128}},
	number = {{21}},
	pages = {214101},
	year = {{2008}},

}

@article{kraj-parr05prb,
	author = {Krajewski, F. R. and Parrinello, M.},
	title = {{Stochastic linear scaling for metals and nonmetals}},
	journal = {{Phys. Rev. B}},
	volume = {{71}},
	pages = {233105},
	year = {{2005}},

}

@article{kraj-parr06prb,
	author = {Krajewski, F. R. and Parrinello, M.},
	title = {{Linear scaling electronic structure calculations and accurate statistical mechanics sampling with noisy forces}},
	journal = {{Phys. Rev. B}},
	volume = {{73}},
	pages = {041105},
	year = {{2006}},

}

@article{kraj-parr06prb-2,
	author = {Krajewski, F. R. and Parrinello, M.},
	title = {{Linear scaling for quasi-one-dimensional systems}},
	journal = {{Phys. Rev. B}},
	volume = {{74}},
	pages = {125107},
	year = {{2006}},

}

@article{kraj-parr07prb,
	Publisher = {{APS}},
	author = {Krajewski, F. R. and Parrinello, M.},
	title = {{Linear scaling electronic structure Monte Carlo method for metals}},
	journal = {{Phys. Rev. B}},
	volume = {{75}},
	number = {{23}},
	pages = {235108},
	year = {{2007}},

}

@article{nikl-tymc06prl,
	author = {Niklasson, A. M. N. and Tymczak, C. J. and Challacombe, M.},
	title = {{Time-Reversible Born-Oppenheimer Molecular Dynamics}},
	journal = {{Phys. Rev. Lett.}},
	volume = {{97}},
	pages = {123001},
	year = {{2006}},

}

@article{kola04jcc,
	author = {Kolafa, J.},
	title = {{Time-reversible always stable predictor-corrector method for molecular dynamics of polarizable molecules}},
	journal = {{jcc}},
	volume = {{25}},
	number = {{3}},
	pages = {335},
	year = {{2004}},

}

@article{bowl-gill99cpc,
	Publisher = {{Elsevier}},
	author = {Bowler, D. R. and Gillan, M. J.},
	title = {{Density matrices in O (N) electronic structure calculations: theory and applications}},
	journal = {{Comp. Phys. Comm.}},
	volume = {{120}},
	number = {{2}},
	pages = {95-108},
	year = {{1999}},

}

@article{alav+94prl,
	author = {Alavi, A. and Kohanoff, J. and Parrinello, M. and Frenkel, D.},
	title = {{Ab Initio Molecular Dynamics with Excited Electrons}},
	journal = {{Phys. Rev. Lett.}},
	volume = {{73}},
	number = {{19}},
	pages = {2599},
	year = {{1994}},

}

@article{alav-frenk92jcp,
	author = {Alavi, A. and Frenkel, D.},
	title = {{Grand-canonical simulations of solvated ideal fermions. Evidence for phase separation}},
	journal = {{J. Chem. Phys.}},
	volume = {{97}},
	pages = {9249},
	year = {{1992}},

}

@article{good90jpcm,
	author = {Goodwin, L.},
	title = {{A new tight binding parametrization for carbon}},
	journal = {{J. Phys.: Condens. Matter}},
	volume = {{3}},
	pages = {3869},
	year = {{1991}},

}

@inproceedings{pan-reif85proc,
	address = {{New York, NY, USA}},
	booktitle = {{STOC {'}85: Proceedings of the seventeenth annual ACM symposium on Theory of computing}},
	Doi = {{http://doi.acm.org/10.1145/22145.22161}},
	Isbn = {{0-89791-151-2}},
	Location = {{Providence, Rhode Island, United States}},
	publisher = {{ACM Press}},
	author = {Pan, V. and Reif, J.},
	title = {{Efficient parallel solution of linear systems}},
	pages = {143},
	year = {{1985}},

}

@unpublished{erco05unp,
	author = {Ercolessi, F.},
	title = {{Lecture notes on Tight-Binding Molecular Dynamics, and Tight-Binding justification of classical potentials}},
	year = {{2005}},

}

@article{colo05rnc,
	author = {Colombo, L.},
	title = {{Tight-binding molecular dynamics: A primer}},
	journal = {{Rivista del Nuovo Cimento}},
	volume = {{28}},
	number = {{10}},
	year = {{2005}},

}

@article{lian+03jcp,
	author = {Liang, W. Z. and Saravanan, C. and Shao, Y. and Baer, R. and Bell, A. T. and Head-Gordon, M.},
	title = {{{Improved Fermi operator expansion methods for fast electronic structure calculations}}},
	journal = {{J. Chem. Phys.}},
	volume = {{119}},
	number = {{8}},
	pages = {4117},
	year = {{2003}},

}

@article{lian+04jcomp,
	Publisher = {{Elsevier}},
	author = {Liang, W. Z. and Baer, R. and Saravanan, C. and Shao, Y. and Bell, A. T. and Head-Gordon, M.},
	title = {{Fast methods for resumming matrix polynomials and Chebyshev matrix polynomials}},
	journal = {{J. Comp. Phys.}},
	volume = {{194}},
	number = {{2}},
	pages = {575-587},
	year = {{2004}},

}

@article{vanl79ieee,
	author = {Van Loan, C.},
	title = {{A note on the evaluation of matrix polynomials}},
	journal = {{Automatic Control, IEEE Transactions on}},
	volume = {{24}},
	number = {{2}},
	pages = {320-321},
	year = {{1979}},

}

@article{huan-wang07laa,
	author = {Huang, T. and Wang, L.},
	title = {{Improving bounds for eigenvalues of complex matrices using traces}},
	journal = {{Linear Algebra and its Applications}},
	volume = {{426}},
	pages = {841-854},
	year = {{2007}},

}

@article{derz-pfef65jstor,
	Publisher = {{JSTOR}},
	author = {Derzko, N. A. and Pfeffer, A. M.},
	title = {{Bounds for the Spectral Radius of a Matrix}},
	journal = {{Mathematics of Computation}},
	volume = {{19}},
	number = {{89}},
	pages = {62-67},
	year = {{1965}},

}

@article{horn97laa,
	Publisher = {{Elsevier Science}},
	author = {Horne, B. G.},
	title = {{Lower Bounds for the Spectral Radius of a Matrix}},
	journal = {{Linear Algebra and its Applications}},
	volume = {{263}},
	number = {{1}},
	pages = {261-273},
	year = {{1997}},

}

@article{baer-head97jcp,
	author = {Baer, R. and Head-Gordon, M.},
	title = {{Chebyshev expansion methods for electronic structure calculations on large molecular systems}},
	journal = {{J. Chem. Phys.}},
	volume = {{107}},
	pages = {10003-10013},
	year = {{1997}},

}

@article{rays07prb,
	author = {Rayson, M. J.},
	title = {{Low-complexity method for large-scale self-consistent ab initio electronic structure calculations without localization}},
	journal = {{Phys. Rev. B}},
	volume = {{75}},
	pages = {153203},
	year = {{2007}},

}

@article{kohn96prl,
	Publisher = {{APS}},
	author = {Kohn, W.},
	title = {{Density Functional and Density Matrix Method Scaling Linearly with the Number of Atoms}},
	journal = {{Phys. Rev. Lett.}},
	volume = {{76}},
	number = {{17}},
	pages = {3168-3171},
	year = {{1996}},

}

@article{goed99rmp,
	Publisher = {{APS}},
	author = {Goedecker, S.},
	title = {{Linear scaling electronic structure methods}},
	journal = {{Rev. Mod. Phys.}},
	volume = {{71}},
	number = {{4}},
	pages = {1085-1123},
	year = {{1999}},

}

@article{goed-colo94prl,
	Publisher = {{APS}},
	author = {Goedecker, S. and Colombo, L.},
	title = {{Efficient Linear Scaling Algorithm for Tight-Binding Molecular Dynamics}},
	journal = {{Phys. Rev. Lett.}},
	volume = {{73}},
	number = {{1}},
	pages = {122-125},
	year = {{1994}},

}

@article{goed-tete95prb,
	Publisher = {{APS}},
	author = {Goedecker, S. and Teter, M.},
	title = {{Tight-binding electronic-structure calculations and tight-binding molecular dynamics with localized orbitals}},
	journal = {{Phys. Rev. B}},
	volume = {{51}},
	number = {{15}},
	pages = {9455-9464},
	year = {{1995}},

}

@article{prod-kohn05pnas,
	author = {Prodan, E. and Kohn, W.},
	title = {{Nearsightedness of electronic matter.}},
	journal = {{pnas}},
	volume = {{102}},
	number = {{33}},
	pages = {11635-11638},
	year = {{2005}},

}

@article{goed95jcomp,
	Publisher = {{Academic Press}},
	author = {Goedecker, S.},
	title = {{Low Complexity Algorithms for Electronic Structure Calculations}},
	journal = {{J. Comp. Phys.}},
	volume = {{118}},
	number = {{2}},
	pages = {261-268},
	year = {{1995}},

}

@article{li+93prb,
	Publisher = {{APS}},
	author = {Li, X. P. and Nunes, R. W. and Vanderbilt, D.},
	title = {{Density-matrix electronic-structure method with linear system-size scaling}},
	journal = {{Phys. Rev. B}},
	volume = {{47}},
	number = {{16}},
	pages = {10891-10894},
	year = {{1993}},

}

@article{yang91prl,
	Publisher = {{APS}},
	author = {Yang, W.},
	title = {{Direct calculation of electron density in density-functional theory}},
	journal = {{Phys. Rev. Lett.}},
	volume = {{66}},
	number = {{11}},
	pages = {1438-1441},
	year = {{1991}},

}

@article{gall-parr92prl,
	Publisher = {{APS}},
	author = {Galli, G. and Parrinello, M.},
	title = {{Large scale electronic structure calculations}},
	journal = {{Phys. Rev. Lett.}},
	volume = {{69}},
	number = {{24}},
	pages = {3547-3550},
	year = {{1992}},

}

@article{lowd50jcp,
	author = {L{\"{o}}wdin, P. O.},
	title = {{On the Non-Orthogonality Problem Connected with the Use of Atomic Wave Functions in the Theory of Molecules and Crystals}},
	journal = {{J. Chem. Phys.}},
	volume = {{18}},
	pages = {365-375},
	year = {{1950}},

}

@article{pals-mano98prb,
	Publisher = {{APS}},
	author = {Palser, A. H. R. and Manolopoulos, D. E.},
	title = {{Canonical purification of the density matrix in electronic-structure theory}},
	journal = {{Phys. Rev. B}},
	volume = {{58}},
	number = {{19}},
	pages = {12704-12711},
	year = {{1998}},

}

@article{baro-gian92epl,
	author = {Baroni, S. and Giannozzi, P.},
	title = {{Towards very large-scale electronic-structure calculations}},
	journal = {{Europhysics Letters}},
	volume = {{17}},
	pages = {547},
	year = {{1992}},

}

@article{ceri+08jcp,
	author = {Ceriotti, M. and K{\"u}hne, T. D. and Parrinello, M.},
	title = {{{An efficient and accurate decomposition of the Fermi operator}}},
	journal = {{J. Chem. Phys.}},
	volume = {{129}},
	pages = {024707},
	year = {{2008}},

}

@article{brun+07jpcb,
	author = {Bruneval, F. and Donadio, D. and Parrinello, M.},
	title = {{Molecular Dynamics Study of the Solvation of Calcium Carbonate in Water}},
	journal = {{J. Phys. Chem. B}},
	volume = {{111}},
	number = {{42}},
	pages = {12219},
	year = {{2007}},

}

@article{melo+05cpc,
	Publisher = {{Elsevier}},
	author = {Meloni, S. and Rosati, M. and Federico, A. and Ferraro, L. and Mattoni, A. and Colombo, L.},
	title = {{{Computational Materials Science application programming interface (CMSapi): a tool for developing applications for atomistic simulations}}},
	journal = {{Comp. Phys. Comm.}},
	volume = {{169}},
	number = {{1-3}},
	pages = {462-466},
	year = {{2005}},

}

@article{ceri-bern07prb,
	Publisher = {{APS}},
	author = {Ceriotti, M. and Bernasconi, M.},
	title = {{Diffusion and desorption of SiH3 on hydrogenated H:Si(100)-2x1 from first principles}},
	journal = {{Phys. Rev. B}},
	volume = {{76}},
	number = {{24}},
	pages = {245309},
	year = {{2007}},

}

@article{dona-reif85jap,
	Doi = {{10.1063/1.335418}},

	Publisher = {{AIP}},
	author = {Donahue, T. J. and Reif, R.},
	title = {{Silicon epitaxy at 650{--}800C using low-pressure chemical vapor deposition both with and without plasma enhancement}},
	journal = {{J. Appl. Phys.}},
	volume = {{57}},
	number = {{8}},
	pages = {2757-2765},
	year = {{1985}},

}

@article{cere+07prb,
	Publisher = {{APS}},
	author = {Cereda, S. and Ceriotti, M. and Montalenti, F. and Bernasconi, M. and Miglio, L.},
	title = {{Quantitative estimate of H abstraction by thermal SiH$_3$ on hydrogenated Si (001)(2$\times$ 1)}},
	journal = {{Phys. Rev. B}},
	volume = {{75}},
	number = {{23}},
	pages = {235311},
	year = {{2007}},

}

@article{mats04jjap,
	author = {Matsuda, Akihisa},
	title = {{Thin-Film Silicon - Growth Process and Solar Cell Application}},
	journal = {{Japanese J. Appl. Phys.}},
	volume = {{43}},
	number = {{no. 12}},
	pages = {7909},
	year = {{2004}},


}

@article{maro01ace,
	BookTitle = {{Advances in Chemical Engineering Volume 28}},
	author = {Maroudas, D.},
	title = {{Modeling of radical-surface interactions in the plasma-enhanced chemical vapor deposition of silicon thin films}},
	journal = {{Advances in Chemical Engineering}},
	volume = {{28}},
	pages = {251},
	year = {{2001}},


}

@article{cava+04pcgcm,
	author = {Cavallotti, C. and {Di Stanislao}, M. and Carr{\`a}, S.},
	title = {{Interplay of physical and chemical aspects in the PECVD and etching of thin solid films}},
	journal = {{Progress in Crystal Growth and Characterization of Materials}},
	volume = {{48-49}},
	pages = {123},
	year = {{2004}},


}

@article{rose+98jvsta,
	author = {Rosenblad, C. and Deller, H. R. and Dommann, A. and Meyer, T. and Scroeter, P. and {von K{\"a}nel}, H.},
	title = {{Silicon epitaxy by low-energy plasma enhanced chemical vapor deposition}},
	journal = {{J. Vac. Sci. Technol. A}},
	volume = {{16}},
	number = {{5}},
	pages = {2785},
	year = {{1998}},


}

@article{yama-reif94jap,
	Doi = {{10.1063/1.356131}},

	Publisher = {{AIP}},
	author = {Yamauchi, Noriyoshi and Reif, Rafael},
	title = {{Polycrystalline silicon thin films processed with silicon ion implantation and subsequent solid-phase crystallization: Theory, experiments, and thin-film transistor applications}},
	journal = {{J. Appl. Phys.}},
	volume = {{75}},
	number = {{7}},
	pages = {3235-3257},
	year = {{1994}},

}

@article{rama+99jap,
	Doi = {{10.1063/1.371136}},

	Publisher = {{AIP}},
	author = {Ramalingam, Shyam and Maroudas, Dimitrios and Aydil, Eray S.},
	title = {{Atomistic simulation study of the interactions of SiH[sub 3] radicals with silicon surfaces}},
	journal = {{J. Appl. Phys.}},
	volume = {{86}},
	number = {{5}},
	pages = {2872-2888},
	year = {{1999}},

}

@article{rose+98tsf,
	author = {Rosenblad, C. and Graf, T. and Stangl, J. and Zhuang, Y. and Bauer, G. and Schulze, J. and {von K{\"a}nel}, H.},
	title = {{Epitaxial growth at high rates with LEPECVD}},
	journal = {{Thin Solid Films}},
	volume = {{336}},
	pages = {89},
	year = {{1998}},

}

@article{kang-musg01prb,
	author = {Ku Kang, J. and Musgrave, C. B.},
	title = {{Theoretical study of the chemical vapor deposition of (100) silicon from silane}},
	journal = {{Phys. Rev. B}},
	volume = {{64}},
	pages = {245330},
	year = {{2001}},

}

@article{gate+90jcp,
	author = {Gates, S. M. and Greenlief, C. M. and Beach, D. B.},
	title = {{Decomposition mechanism of SiHx species on Si(100)-2x1 for x-2,3, and 4}},
	journal = {{J. Chem. Phys.}},
	volume = {{93}},
	number = {{10}},
	pages = {7493},
	year = {{1990}},

}

@article{bron+93surf,
	author = {Bronikowski, M. J. and Wang, Y. and McEllistrem, M. T. and Hamers, R. J.},
	title = {{Adsorption and dissociation of disilane on Si(001) studied by STM}},
	journal = {{Surf. Sci.}},
	volume = {{298}},
	pages = {50},
	year = {{1993}},

}

@article{wang+94surf,
	author = {Wang, Y. and Bronikowski, M. J. and Hamers, R. J.},
	title = {{An atomically resolved scanning tunneling microscopy study of the thermal decomposition of disilane on Si(001)}},
	journal = {{Surf. Sci.}},
	volume = {{311}},
	pages = {64},
	year = {{1994}},

}

@article{smar-sriv05jcp,
	author = {Smardon, R. D. and Srivastava, G. P.},
	title = {{Ab initio surface reaction energetics of SiH4 and Si2H6 on Si(001)-2x2}},
	journal = {{J. Chem. Phys.}},
	volume = {{123}},
	pages = {174703},
	year = {{2005}},

}

@article{raus01surfr,
	author = {Rauscher, H.},
	title = {{The interaction of silanes with silicon single crystal surfaces: microscopic processes and structures}},
	journal = {{Surf. Sci. Reports}},
	volume = {{42}},
	pages = {207},
	year = {{2001}},

}

@article{iann+03prl,
	Publisher = {{APS}},
	author = {Iannuzzi, M. and Laio, A. and Parrinello, M.},
	title = {{Efficient Exploration of Reactive Potential Energy Surfaces Using Car-Parrinello Molecular Dynamics}},
	journal = {{Phys. Rev. Lett.}},
	volume = {{90}},
	number = {{23}},
	pages = {238302},
	year = {{2003}},

}

@article{laio-parr02pnas,
	Publisher = {{National Acad Sciences}},
	author = {Laio, A. and Parrinello, M.},
	title = {{Escaping free-energy minima}},
	journal = {{Proc. Natl. Acad. Sci. USA}},
	volume = {{99}},
	number = {{20}},
	pages = {12562-12566},
	year = {{2002}},

}

@article{laio+05jpcb,
	author = {Laio, A. and Rodriguez-Fortea, A. and Gervasio, F. L. and Ceccarelli, M. and Parrinello, M.},
	title = {{Assessing the accuracy of metadynamics}},
	journal = {{J. Phys. Chem. B}},
	volume = {{109}},
	number = {{14}},
	pages = {6714-6721},
	year = {{2005}},

}

@article{henk-jons00jcp,
	Publisher = {{AIP}},
	author = {Henkelman, G. and J{\'{o}}nsson, H.},
	title = {{Improved tangent estimate in the nudged elastic band method for finding minimum energy paths and saddle points}},
	journal = {{J. Chem. Phys.}},
	volume = {{113}},
	number = {{22}},
	pages = {9978},
	year = {{2000}},

}

@article{henk+00jcp,
	Publisher = {{AIP}},
	author = {Henkelman, G. and Uberuaga, B. P. and J{\'{o}}nsson, H.},
	title = {{A climbing image nudged elastic band method for finding saddle points and minimum energy paths}},
	journal = {{J. Chem. Phys.}},
	volume = {{113}},
	number = {{22}},
	pages = {9901},
	year = {{2000}},

}

@article{car-parr85prl,
	Publisher = {{APS}},
	author = {Car, R. and Parrinello, M.},
	title = {{Unified Approach for Molecular Dynamics and Density-Functional Theory}},
	journal = {{Phys. Rev. Lett.}},
	volume = {{55}},
	number = {{22}},
	pages = {2471-2474},
	year = {{1985}},

}

@article{trou-mart91prb,
	Publisher = {{APS}},
	author = {Troullier, N. and Martins, J. L.},
	title = {{Efficient pseudopotentials for plane-wave calculations}},
	journal = {{Phys. Rev. B}},
	volume = {{43}},
	number = {{3}},
	pages = {1993-2006},
	year = {{1991}},

}

@article{vand90prb,
	Publisher = {{APS}},
	author = {Vanderbilt, D.},
	title = {{Soft self-consistent pseudopotentials in a generalized eigenvalue formalism}},
	journal = {{Phys. Rev. B}},
	volume = {{41}},
	number = {{11}},
	pages = {7892-7895},
	year = {{1990}},

}

@article{beck93jcp,
	Publisher = {{AIP}},
	author = {Becke, A. D.},
	title = {{Density-functional thermochemistry. III. The role of exact exchange}},
	journal = {{J. Chem. Phys.}},
	volume = {{98}},
	number = {{7}},
	pages = {5648},
	year = {{1993}},

}

@misc{CPMD,
	howpublished = {{http://www.cpmd.org/}},
	note = {{{C}opyright {IBM} {Corp} 1990-2006, {C}opyright {MPI} f{\"u}r {Festk{\"o}rperforschung} {Stuttgart} 1997-2001}},

	title = {{{CPMD}}},

}

@article{lim+06prb,
	Publisher = {{APS}},
	author = {Lim, F. C. H. and Tok, E. S. and Kang, H. C.},
	title = {{Decomposition of SiH3 to SiH2 on Si (100)-(2{$\times$}1)}},
	journal = {{Phys. Rev. B}},
	volume = {{74}},
	number = {{20}},
	pages = {205333},
	year = {{2006}},

}

@article{gate+90jcp2,
	Doi = {{10.1063/1.457912}},

	Publisher = {{AIP}},
	author = {Gates, S. M. and Greenlief, C. M. and Beach, D. B. and Holbert, P. A.},
	title = {{Decomposition of silane on Si(111)-(7{$\times$}7) and Si(100)-(2{$\times$}1) surfaces below 500{$^\circ$}C}},
	journal = {{J. Chem. Phys.}},
	volume = {{92}},
	number = {{5}},
	pages = {3144-3153},
	year = {{1990}},

}

@article{gate+90jvsta,
	Doi = {{10.1116/1.576614}},

	Publisher = {{AVS}},
	author = {Gates, S. M. and Greenlief, C. M. and Kulkarni, S. K. and Sawin, H. H.},
	title = {{Surface reactions in Si chemical vapor deposition from silane}},
	journal = {{J. Vac. Sci. Technol. A}},
	volume = {{8}},
	number = {{3}},
	pages = {2965-2969},
	year = {{1990}},

}

@article{gree+89jvsta,
	Doi = {{10.1116/1.576013}},

	Publisher = {{AVS}},
	author = {Greenlief, C. Michael and Gates, Stephen M. and Holbert, Philip A.},
	title = {{Reaction kinetics of surface silicon hydrides}},
	journal = {{J. Vac. Sci. Technol. A}},
	volume = {{7}},
	number = {{3}},
	pages = {1845-1849},
	year = {{1989}},

}

@article{lutt+02surf,
	author = {Lutterloh, C. and Wickleinb, M. and Dingerb, A. and Bienera, J. and K{\"u}ppers, J.},
	title = {{Thermal stability and hydrogen induced abstraction of silyl groups on Si(100) surfaces}},
	journal = {{Surf. Sci.}},
	volume = {{498}},
	number = {{1-2}},
	pages = {123},
	year = {{2002}},


}

@article{xia+95jcp,
	Doi = {{10.1063/1.469739}},

	Publisher = {{AIP}},
	author = {Xia, L. Q. and Jones, M. E. and Maity, N. and Engstrom, J. R.},
	title = {{Dissociation and pyrolysis of Si2H6 on Si surfaces: The influence of surface structure and adlayer composition}},
	journal = {{J. Chem. Phys.}},
	volume = {{103}},
	number = {{4}},
	pages = {1691-1701},
	year = {{1995}},

}

@article{kulk+90surf,
	author = {Kulkarni, S.K. and Gates, S.M. and Scott, B.A. and Sawiri, H.H.},
	title = {{Modulated molecular beam scattering of disilane on silicon}},
	journal = {{Surf. Sci.}},
	volume = {{239}},
	number = {{1-2}},
	pages = {13},
	year = {{1990}},


}

@article{pric+99prb,
	Publisher = {{APS}},
	author = {Price, R. W. and Tok, E. S. and Zhang, J.},
	title = {{Probing the disilane adsorption kinetics: An alternative approach}},
	journal = {{Phys. Rev. B}},
	volume = {{59}},
	number = {{8}},
	pages = {5292-5295},
	year = {{1999}},

}

@article{owen+97surf,
	Publisher = {{Elsevier Science}},
	author = {Owen, J. H. G. and Miki, K. and Bowler, D. R. and Goringe, C. M. and Goldfarb, I. and Briggs, G. A. D.},
	title = {{Gas-source growth of group IV semiconductors: I. Si (001) nucleation mechanisms}},
	journal = {{Surf. Sci.}},
	volume = {{394}},
	number = {{1-3}},
	pages = {79-90},
	year = {{1997}},

}

@misc{PWSCF,

	author = {Baroni, S. and {Dal Corso}, A. and {de Gironcoli}, S. and Giannozzi, P. and Cavazzoni, C. and Ballabio, G. and Scandolo, S. and Chiarotti, G. and Focher, P. and Pasquarello, A. and Laasonen, K. and Trave, A. and Car, R. and Marzari, N. and Kokalj, A.},

}

@article{VASP,
	Publisher = {{APS}},
	author = {Kresse, G. and Furthm{\"{u}}ller, J.},
	title = {{Efficient iterative schemes for ab initio total-energy calculations using a plane-wave basis set}},
	journal = {{Phys. Rev. B}},
	volume = {{54}},
	number = {{16}},
	pages = {11169-11186},
	year = {{1996}},

}

@article{mart+92jcp,
	author = {Martyna, G. J. and Tuckerman, M. E. and Klein, M. L.},
	title = {{Nos{\'{e}}-Hoover chains: The canonical ensemble via continuous dynamics}},
	journal = {{J. Chem. Phys.}},
	volume = {{97}},
	number = {{4}},
	pages = {2635},
	year = {{1992}},

}

@article{henk-jons99jcp,
	Publisher = {{AIP}},
	author = {Henkelman, G. and J{\'{o}}nsson, H.},
	title = {{A dimer method for finding saddle points on high dimensional potential surfaces using only first derivatives}},
	journal = {{J. Chem. Phys.}},
	volume = {{111}},
	pages = {7010},
	year = {{1999}},

}

@article{perd-wang92prb,
	Publisher = {{APS}},
	author = {Perdew, J. P. and Wang, Y.},
	title = {{Accurate and simple analytic representation of the electron-gas correlation energy}},
	journal = {{Phys. Rev. B}},
	volume = {{45}},
	number = {{23}},
	pages = {13244-13249},
	year = {{1992}},

}

@article{okad-toku84jap,
	Doi = {{10.1063/1.333965}},

	Publisher = {{AIP}},
	author = {Okada, Yasumasa and Tokumaru, Yozo},
	title = {{Precise determination of lattice parameter and thermal expansion coefficient of silicon between 300 and 1500 K}},
	journal = {{J. Appl. Phys.}},
	volume = {{56}},
	number = {{2}},
	pages = {314-320},
	year = {{1984}},

}

@article{monk-pack76prb,
	Publisher = {{APS}},
	author = {Monkhorst, H. J. and Pack, J. D.},
	title = {{Special points for Brillouin-zone integrations}},
	journal = {{Phys. Rev. B}},
	volume = {{13}},
	number = {{12}},
	pages = {5188-5192},
	year = {{1976}},

}

@article{hwan00surf,
	Publisher = {{Elsevier Science}},
	author = {Hwang, G. S.},
	title = {{A channel for dimer flipping on the Si(001) surface}},
	journal = {{Surf. Sci.}},
	volume = {{465}},
	number = {{3}},
	pages = {L789},
	year = {{2000}},

}

@article{walch+01cpl,
	Publisher = {{Elsevier Science}},
	author = {Walch, S. P. and Ramalingam, S. and Sriraman, S. and Aydil, E. S. and Maroudas, D.},
	title = {{Mechanisms and energetics of SiH3 adsorption on the pristine Si (001)-(2x1) surface}},
	journal = {{Chem. Phys. Lett.}},
	volume = {{344}},
	number = {{3}},
	pages = {249-255},
	year = {{2001}},

}

@article{bowl-gori96surf,
	Publisher = {{Elsevier Science}},
	author = {Bowler, D. R. and Goringe, C. M.},
	title = {{An ab initio study of SiH2 fragments on the Si(001) surface}},
	journal = {{Surf. Sci.}},
	volume = {{360}},
	number = {{1-3}},
	pages = {L489-L494},
	year = {{1996}},

}

@article{hong-chou98prb,
	Publisher = {{APS}},
	author = {Hong, S. and Chou, M. Y.},
	title = {{Role of hydrogen in SiH2 adsorption on Si(100)}},
	journal = {{Phys. Rev. B}},
	volume = {{58}},
	number = {{20}},
	pages = {13363-13366},
	year = {{1998}},

}

@article{brow-dore98jcp,
	Publisher = {{AIP}},
	author = {Robinson Brown, A. and Doren, D. J.},
	title = {{Energetics of silicon hydrides on the Si (100)-(2$\times$ 1) surface}},
	journal = {{J. Chem. Phys.}},
	volume = {{109}},
	pages = {2442},
	year = {{1998}},

}

@article{smit+95jcp,
	author = {Smith, A. P. and Wiggs, J. K. and J{\'{o}}nsson, H. and Yan, H. and Corrales, L. R. and Nachtigall, P. and Jordan, K. D.},
	title = {{Si adatom binding and diffusion on the Si (100) surface: Comparison of ab initio, semiempirical and empirical potential results}},
	journal = {{J. Chem. Phys.}},
	volume = {{102}},
	number = {{2}},
	pages = {1044},
	year = {{1995}},

}

@article{zipo+08apl,
	author = {Zipoli, F. and Cereda, S. and Ceriotti, M. and Bernasconi, M. and Miglio, L. and Montalenti, F.},
	title = {{First principles study of Ge{$/$}Si exchange mechanisms at the Si(001) surface}},
	journal = {{Applied Physics Letters}},
	volume = {{92}},
	number = {{19}},
	pages = {191908},
	year = {{2008}},


}

@article{cere+06surf,
	Publisher = {{Elsevier}},
	author = {Cereda, S. and Montalenti, F. and Cogoni, M. and Branduardi, D. and Radny, M. W. and Smith, P. V. and Miglio, L.},
	title = {{Binding sites for SiH2/Si (001): A combined ab initio, tight-binding, and classical investigation}},
	journal = {{Surf. Sci.}},
	volume = {{600}},
	number = {{19}},
	pages = {4445-4453},
	year = {{2006}},

}

@misc{GAUSSIAN,
	note = {{{Wallingford CT: Gaussian, Inc.}}},
	author = {Frisch, M. J. and others},
	title = {{{Gaussian 03, 2004 Rev. D 01}}},

}

@article{hash+03ass,
	Publisher = {{Elsevier}},
	author = {Hashizume, T. and Kajiyama, H. and Suwa, Y. and Heike, S. and Matsuura, S. and Nara, J. and Ohno, T.},
	title = {{Adsorption of Si atom on H-terminated Si (001)-2$\times$ 1 surface}},
	journal = {{Applied Surf. Sci.}},
	volume = {{216}},
	number = {{1-4}},
	pages = {15-18},
	year = {{2003}},

}

@article{tang-scan02jcp,
	Publisher = {{AIP}},
	author = {Tangney, P. and Scandolo, S.},
	title = {{How well do Car{--}Parrinello simulations reproduce the Born{--}Oppenheimer surface?: Theory and examples}},
	journal = {{J. Chem. Phys.}},
	volume = {{116}},
	pages = {14},
	year = {{2002}},

}

@misc{EPAPS-sih3deco,
	note = {{See EPAPS Document No. ----- for a movie of metadynamics trajectory, and a discussion of Brillouin-zone sampling issues.}},

}

@article{ters-hama85prb,
	Doi = {{10.1103/PhysRevB.31.805}},
	Month = {{Jan}},
	Numpages = {{8}},
	Publisher = {{American Physical Society}},
	author = {Tersoff, J. and Hamann, D. R.},
	title = {{Theory of the scanning tunneling microscope}},
	journal = {{Phys. Rev. B}},
	volume = {{31}},
	number = {{2}},
	pages = {805-813},
	year = {{1985}},

}

@article{cere+08prl,
	Publisher = {{APS}},
	author = {Cereda, S. and Zipoli, F. and Bernasconi, M. and Miglio, L. and Montalenti, F.},
	title = {{Thermal-Hydrogen Promoted Selective Desorption and Enhanced Mobility of Adsorbed Radicals in Silicon Film Growth}},
	journal = {{Phys. Rev. Lett.}},
	volume = {{100}},
	number = {{4}},
	pages = {46105},
	year = {{2008}},

}

@article{gupt+88prb,
	Doi = {{10.1103/PhysRevB.37.8234}},
	Month = {{May}},
	Numpages = {{9}},
	Publisher = {{American Physical Society}},
	author = {Gupta, P. and Colvin, V. L. and George, S. M.},
	title = {{Hydrogen desorption kinetics from monohydride and dihydride species on silicon surfaces}},
	journal = {{Phys. Rev. B}},
	volume = {{37}},
	number = {{14}},
	pages = {8234-8243},
	year = {{1988}},

}

@article{shi+07jcp,
	Publisher = {{AIP}},
	author = {Shi, J. and Tok, E. S. and Kang, H. C.},
	title = {{The dissociative adsorption of silane and disilane on Si (100)-(2$\times$ 1)}},
	journal = {{J. Chem. Phys.}},
	volume = {{127}},
	pages = {164713},
	year = {{2007}},

}

@article{tan-yang08apl,
	Doi = {{10.1063/1.2957674}},
	Eid = {{061902}},

	Publisher = {{AIP}},
	author = {Tan, X. and Yang, G. W.},
	title = {{Physical mechanisms of hydrogen-enhanced onset of epitaxial growth of silicon by plasma-enhanced chemical vapor deposition}},
	journal = {{Applied Physics Letters}},
	volume = {{93}},
	number = {{6}},
	pages = {061902},
	year = {{2008}},

}

@Book{frenk-smit02book,
	Address = {{London}},
	Edition = {{Second}},
	Publisher = {{Academic Press}},
	author = {Frenkel, D. and Smit, B.},
	title = {{Understanding Molecular Simulation}},
	year = {{2002}},
}

@Article{nose84jcp,
	Month = {{jul}},
	author = {Nos{\'{e}}, Shuichi},
	title = {{A unified formulation of the constant temperature molecular dynamics methods}},
	journal = {{J. Chem. Phys.}},
	volume = {{81}},
	number = {{1}},
	pages = {511-519},
	year = {{1984}},
}

@article{schn-stol78prb,
	Month = {{feb}},
	author = {Schneider, T. and Stoll, E.},
	title = {{Molecular-dynamics study of a three-dimensional one-component model for distortive phase transitions}},
	journal = {{Phys. Rev. B}},
	volume = {{17}},
	number = {{3}},
	pages = {1302-1322},
	year = {{1978}},
}

@article{sodd+03pre,
	Month = {{oct}},
	author = {Soddemann, Thomas and D{\"{u}}nweg, Burkhard and Kremer, Kurt},
	title = {{Dissipative particle dynamics: A useful thermostat for equilibrium and nonequilibrium molecular dynamics simulations}},
	journal = {{Phys. Rev. E}},
	volume = {{68}},
	number = {{4}},
	pages = {046702},
	year = {{2003}},
}

@article{ande80jcp,
	Month = {{feb}},
	author = {Andersen, Hans C.},
	title = {{Molecular dynamics simulations at constant pressure and/or temperature}},
	journal = {{J. Chem. Phys.}},
	volume = {{72}},
	number = {{4}},
	pages = {2384-2393},
	year = {{1980}},

}

@article{heye83cp,
	author = {Heyes, D. M.},
	title = {{Molecular dynamics at constant pressure and temperature}},
	journal = {{Chem. Phys.}},
	volume = {{82}},
	number = {{3}},
	pages = {285-301},
	year = {{1983}},

}

@Article{lowe99el,
	author = {Lowe, C. P.},
	title = {{An alternative approach to dissipative particle dynamics}},
	journal = {{Europhys. Lett.}},
	volume = {{47}},
	number = {{2}},
	pages = {145-151},
	year = {{1999}},

}

@Book{zwan+01book,
	Address = {{New York}},
	Publisher = {{Oxford University Press}},
	author = {Zwanzig, Robert},
	title = {{Nonequilibrium statistical mechanics}},
	year = {{2001}},
}

@Article{chen-siep99tca,
	Publisher = {{Springer}},
	author = {Chen, B. and Siepmann, J. I.},
	title = {{Monte Carlo algorithms for simulating systems with adiabatic separation of electronic and nuclear degrees of freedom}},
	journal = {{Theoretical Chemistry Accounts: Theory, Computation, and Modeling (Theoretica Chimica Acta)}},
	volume = {{103}},
	number = {{2}},
	pages = {87-104},
	year = {{1999}},
}

@Article{ross+02jcp,
	Month = {{mar}},
	author = {Rosso, Lula and Min{\'{a}}ry, Peter and Zhu, Zhongwei and Tuckerman, Mark E.},
	title = {{On the use of the adiabatic molecular dynamics technique  in the calculation of free energy profiles}},
	journal = {{J. Chem. Phys.}},
	volume = {{116}},
	number = {{11}},
	pages = {4389},
	year = {{2002}},
}

@Article{vand-roth02jpcb,
	author = {VandeVondele, J. and Rothlisberger, U.},
	title = {{Canonical Adiabatic Free Energy Sampling (CAFES): A Novel Method for the Exploration  of Free Energy Surfaces }},
	journal = {{Journal of Phisical Chemistry B}},
	volume = {{106}},
	pages = {203-208},
	year = {{2002}},
}

@Article{mara-vand06cpl,
	author = {Maragliano, Luca and Vanden-Eijnden, Eric},
	title = {{A temperature accelerated method for sampling free energy and determining reaction pathways in rare events simulations}},
	journal = {{Chem. Phys. Lett.}},
	volume = {{426}},
	number = {{1{--}3}},
	pages = {168-175},
	year = {{2006}},
}

@Book{gard03book,
	Address = {{Berlin}},
	Edition = {{Third}},
	Publisher = {{Springer}},
	author = {Gardiner, C. W.},
	title = {{Handbook of Stochastic Methods}},
	year = {{2003}},
}

@Article{ensi+07jctc,
	author = {Ensing, B. and Nielsen, S. O. and Moore, P. B. and Klein, M. L. and Parrinello, M.},
	title = {{Energy Conservation in Adaptive Hybrid Atomistic/Coarse-Grain Molecular Dynamics}},
	journal = {{J. Chem. Theory Comput.}},
	volume = {{3}},
	number = {{3}},
	pages = {1100-1105},
	year = {{2007}},
}

@article{spri91jcp,
	Publisher = {{American Chemical Society}},
	author = {Sprik, M.},
	title = {{Computer simulation of the dynamics of induced polarization fluctuations in water}},
	journal = {{J. Phys. Chem.}},
	volume = {{95}},
	number = {{6}},
	pages = {2283-2291},
	year = {{1991}},

}

@article{zwan61pr,
	Publisher = {{APS}},
	author = {Zwanzig, R.},
	title = {{Memory Effects in Irreversible Thermodynamics}},
	journal = {{Phys. Rev.}},
	volume = {{124}},
	number = {{4}},
	pages = {983-992},
	year = {{1961}},

}

@article{tuck-parr94jcp,
	Publisher = {{AIP}},
	author = {Tuckerman, M. E. and Parrinello, M.},
	title = {{Integrating the Car{--}Parrinello equations. I. Basic integration techniques}},
	journal = {{J. Chem. Phys.}},
	volume = {{101}},
	pages = {1302},
	year = {{1994}},

}

@article{gard88ibm,
	author = {Gardiner, C. W.},
	title = {{Quantum noise and quantum Langevin equations}},
	journal = {{IBM J. Res. Dev.}},
	volume = {{32}},
	pages = {127},
	year = {{1988}},

}

@article{ford+65jmp,
	author = {Ford, G. W. and Kac, M. and Mazur, P.},
	title = {{Statistical mechanics of ensembles of coupled oscillators}},
	journal = {{Journal of Mathematical Physics}},
	volume = {{6}},
	pages = {504-515},
	year = {{1965}},

}

@article{beng-kac81prl,
	Publisher = {{APS}},
	author = {Benguria, R. and Kac, M.},
	title = {{Quantum Langevin Equation}},
	journal = {{Phys. Rev. Lett.}},
	volume = {{46}},
	number = {{1}},
	pages = {1-4},
	year = {{1981}},

}

@article{ford+88pra,
	Publisher = {{APS}},
	author = {Ford, G. W. and Lewis, J. T. and {O' Connell}, R. F.},
	title = {{Quantum Langevin equation}},
	journal = {{Phys. Rev. A}},
	volume = {{37}},
	number = {{11}},
	pages = {4419-4428},
	year = {{1988}},

}

@article{ford-kac87jsp,
	author = {Ford, G. W. and Kac, M.},
	title = {{On the quantum langevin equation}},
	journal = {{J. Stat. Phys.}},
	volume = {{46}},
	number = {{5-6}},
	pages = {803},
	year = {{1987}},


}

@article{schm82jltp,
	author = {Schmid, Albert},
	title = {{On a quasiclassical Langevin equation}},
	journal = {{J. Low Temp. Phys.}},
	volume = {{49}},
	number = {{5-6}},
	pages = {609},
	year = {{1982}},


}

@article{cort+jcp85,
	Doi = {{10.1063/1.448268}},

	Publisher = {{AIP}},
	author = {Cort{\'{e}}s, Emilio and West, Bruce J. and Lindenberg, Katja},
	title = {{On the generalized Langevin equation: Classical and quantum mechanical[sup a)]}},
	journal = {{J. Chem. Phys.}},
	volume = {{82}},
	number = {{6}},
	pages = {2708-2717},
	year = {{1985}},

}

@article{bloc-parr92prb,
	Doi = {{10.1103/PhysRevB.45.9413}},
	Month = {{Apr}},
	Numpages = {{3}},
	Publisher = {{American Physical Society}},
	author = {Bl{\"{o}}chl, Peter E. and Parrinello, M.},
	title = {{Adiabaticity in first-principles molecular dynamics}},
	journal = {{Phys. Rev. B}},
	volume = {{45}},
	number = {{16}},
	pages = {9413-9416},
	year = {{1992}},

}

@article{tobi+93jpc,
	Publisher = {{American Chemical Society}},
	author = {Tobias, D. J. and Martyna, G. J. and Klein, M. L.},
	title = {{Molecular dynamics simulations of a protein in the canonical ensemble}},
	journal = {{J. Phys. Chem.}},
	volume = {{97}},
	number = {{49}},
	pages = {12959-12966},
	year = {{1993}},

}

@article{DLPOLY,
	author = {Smith, W. and Forester, T. R. and Todorov, I. T. and Leslie, M.},
	title = {{{DL-POLY}}},
	journal = {{CCLRC Daresbury Laboratory, Daresbury, Warrington, UK}},
	year = {{2006}},
}

@article{rick+94jcp,
	Doi = {{10.1063/1.468398}},

	Publisher = {{AIP}},
	author = {Rick, Steven W. and Stuart, Steven J. and Berne, B. J.},
	title = {{Dynamical fluctuating charge force fields: Application to liquid water}},
	journal = {{J. Chem. Phys.}},
	volume = {{101}},
	number = {{7}},
	pages = {6141-6156},
	year = {{1994}},

}

@article{good+89epl,
	author = {Goodwin, L. and Skinner, A. J. and Pettifor, D. G.},
	title = {{Generating transferable tight-binding parameters: application to silicon}},
	journal = {{Europhysics Letters}},
	volume = {{9}},
	pages = {701-706},
	year = {{1989}},

}

@article{hors+96prb,
	Publisher = {{APS}},
	author = {Horsfield, A. P. and Godwin, P. D. and Pettifor, D. G. and Sutton, A. P.},
	title = {{{Computational materials synthesis. I. A tight-binding scheme for hydrocarbons}}},
	journal = {{Phys. Rev. B}},
	volume = {{54}},
	number = {{22}},
	pages = {15773-15775},
	year = {{1996}},

}

@article{xu+92jpcm,
	Publisher = {{Institute of Physics Publishing}},
	author = {Xu, C. H. and Wang, C. Z. and Chan, C. T. and Ho, K. M.},
	title = {{A transferable tight-binding potential for carbon}},
	journal = {{J. Phys. Cond. Mat.}},
	volume = {{4}},
	pages = {6047-6054},
	year = {{1992}},

}

@article{kress+98jcamd,
	Publisher = {{Springer}},
	author = {Kress, J. D. and Goedecker, S. and Hoisie, A. and Wasserman, H. and Lubeck, O. and Collins, L. A. and Holian, B. L.},
	title = {{Parallel O (N) tight-binding molecular dynamics of polyethylene and compressed methane}},
	journal = {{Journal of Computer-Aided Materials Design}},
	volume = {{5}},
	number = {{2}},
	pages = {295-316},
	year = {{1998}},

}

@article{sutt+88jphc,
	Publisher = {{Institute of Physics Publishing}},
	author = {Sutton, A. P. and Finnis, M. W. and Pettifor, D. G. and Ohta, Y.},
	title = {{The tight-binding bond model}},
	journal = {{Journal of Physics C: Solid State Physics}},
	volume = {{21}},
	pages = {35-66},
	year = {{1988}},

}

@article{ceri+08arxiv,

	author = {Ceriotti, Michele and K{\"{u}}hne, Thomas D. and Parrinello, Michele},
	title = {{{A hybrid approach to Fermi operator expansion}}},
	journal = {{eprint arXiv: 0809.2232}},
	year = {{2008}},
}

@article{borm+03eabe,
	Publisher = {{Elsevier}},
	author = {B{\"{o}}rm, S. and Grasedyck, L. and Hackbusch, W.},
	title = {{Introduction to hierarchical matrices with applications}},
	journal = {{Engineering Analysis with Boundary Elements}},
	volume = {{27}},
	number = {{5}},
	pages = {405-422},
	year = {{2003}},

}

@article{john-scott96ieee,
	Publisher = {{IEEE Computer Society}},
	author = {John, R. and Scott, B.},
	title = {{Dynamic Partitioning of Non-Uniform Structured Workloads with Spacefilling Curves}},
	journal = {{IEEE TRANSACTIONS ON PARALLEL AND DISTRIBUTED SYSTEMS}},
	pages = {288-300},
	year = {{1996}},
}

@article{anci+97science,
	Publisher = {{AAAS}},
	author = {Ancilotto, F. and Chiarotti, G. L. and Scandolo, S. and Tosatti, E.},
	title = {{Dissociation of Methane into Hydrocarbons at Extreme (Planetary) Pressure and Temperature}},
	journal = {{Science}},
	volume = {{275}},
	number = {{5304}},
	pages = {1288},
	year = {{1997}},
}

@article{scan-jean03amsci,
	author = {Scandolo, S. and Jeanloz, R.},
	title = {{The Centers of Planets}},
	journal = {{American Scientist}},
	volume = {{91}},
	number = {{6}},
	pages = {516-525},
	year = {{2003}},
}

@article{stre+06prl,
	Publisher = {{APS}},
	author = {Streitz, F. H. and Glosli, J. N. and Patel, M. V.},
	title = {{Beyond Finite-Size Scaling in Solidification Simulations}},
	journal = {{Phys. Rev. Lett.}},
	volume = {{96}},
	number = {{22}},
	pages = {225701},
	year = {{2006}},

}

@article{herr-rami00prb,
	Publisher = {{APS}},
	author = {Herrero, C. P. and Ram{\'{i}}rez, R.},
	title = {{Structural and thermodynamic properties of diamond: A path-integral Monte Carlo study}},
	journal = {{Phys. Rev. B}},
	volume = {{63}},
	number = {{2}},
	pages = {024103},
	year = {{2000}},

}

@article{guil-guis98jcp,

	Publisher = {{AIP}},

	author = {Guillot, Bertrand and Guissani, Yves},
	title = {{Quantum effects in simulated water by the Feynman{--}Hibbs approach}},
	journal = {{J. Chem. Phys.}},
	volume = {{108}},
	number = {{24}},
	pages = {10162-10174},
	year = {{1998}},


}

@article{klei-shab95pra,
	Publisher = {{Elsevier}},
	author = {Kleinert, H. and Shabanov, S. V.},
	title = {{Quantum Langevin equation from forward-backward path integral}},
	journal = {{Phys. Lett. A}},
	volume = {{200}},
	number = {{3-4}},
	pages = {224-232},
	year = {{1995}},

}

@article{tani-woly91pra,
	Publisher = {{APS}},
	author = {Tanimura, Y. and Wolynes, P. G.},
	title = {{Quantum and classical Fokker-Planck equations for a Gaussian-Markovian noise bath}},
	journal = {{Phys. Rev. A}},
	volume = {{43}},
	number = {{8}},
	pages = {4131-4142},
	year = {{1991}},

}

@article{kubo66rpp,
	author = {Kubo, R.},
	title = {{The fluctuation-dissipation theorem}},
	journal = {{Rep. Prog. Phys.}},
	volume = {{29}},
	number = {{1}},
	pages = {255-284},
	year = {{1966}},

}

@article{buyu+08pre,
	Eid = {{066702}},

	Numpages = {{13}},
	Publisher = {{APS}},

	author = {Buyukdagli, Sahin and Savin, Alexander V. and Hu, Bambi},
	title = {{Computation of the temperature dependence of the heat capacity of complex molecular systems using random color noise}},
	journal = {{Phys. Rev. E}},
	volume = {{78}},
	number = {{6}},
	pages = {066702},
	year = {{2008}},


}

@article{ceri+09prl,
	Eid = {{020601}},
	Numpages = {{4}},
	Publisher = {{APS}},

	author = {Ceriotti, Michele and Bussi, Giovanni and Parrinello, Michele},
	title = {{Langevin Equation with Colored Noise for Constant-Temperature Molecular Dynamics Simulations}},
	journal = {{Phys. Rev. Lett.}},
	volume = {{102}},
	number = {{2}},
	pages = {020601},
	year = {{2009}},


}

@article{abas-vega05jcp,
	Publisher = {{AIP}},
	author = {Abascal, J. L. F. and Vega, C.},
	title = {{A general purpose model for the condensed phases of water: TIP4P/2005}},
	journal = {{J. Chem. Phys.}},
	volume = {{123}},
	pages = {234505},
	year = {{2005}},

}

@article{pena+04jcp,

	Publisher = {{AIP}},

	author = {{de la Pe{\~{n}}a}, L. Hern{\'{a}}ndez and Kusalik, P. G.},
	title = {{Quantum effects in light and heavy liquid water: A rigid-body centroid molecular dynamics study}},
	journal = {{J. Chem. Phys.}},
	volume = {{121}},
	number = {{12}},
	pages = {5992-6002},
	year = {{2004}},


}

@article{hayw-reim97jcp,

	Publisher = {{AIP}},

	author = {Hayward, J. A. and Reimers, J. R.},
	title = {{Unit cells for the simulation of hexagonal ice}},
	journal = {{J. Chem. Phys.}},
	volume = {{106}},
	number = {{4}},
	pages = {1518-1529},
	year = {{1997}},


}

@article{pena+05jcp,
	Eid = {{144506}},

	Numpages = {{9}},
	Publisher = {{AIP}},

	author = {{de la Pe{\~{n}}a}, L. Hern{\'{a}}ndez and Razul, M. S. Gulam and Kusalik, P. G.},
	title = {{Quantum effects in ice Ih}},
	journal = {{J. Chem. Phys.}},
	volume = {{123}},
	number = {{14}},
	pages = {144506},
	year = {{2005}},


}

@article{jorg+83jcp,

	Publisher = {{AIP}},

	author = {Jorgensen, William L. and Chandrasekhar, Jayaraman and Madura, Jeffry D. and Impey, Roger W. and Klein, Michael L.},
	title = {{Comparison of simple potential functions for simulating liquid water}},
	journal = {{J. Chem. Phys.}},
	volume = {{79}},
	number = {{2}},
	pages = {926-935},
	year = {{1983}},


}

@article{rott+94acryb,
	Month = {{Dec}},

	author = {R{\"{o}}ttger, K. and Endriss, A. and Ihringer, J. and Doyle, S. and Kuhs, W. F.},
	title = {{Lattice constants and thermal expansion of H$\sb 2$O and D$\sb 2$O ice Ih between 10 and 265 K}},
	journal = {{Acta Crystallographica Section B}},
	volume = {{50}},
	number = {{6}},
	pages = {644-648},
	year = {{1994}},


}

@article{thir+94jcp,

	Publisher = {{AIP}},

	author = {Thirumalai, D. and Hall, Randall W. and Berne, B. J.},
	title = {{A path integral Monte Carlo study of liquid neon and the quantum effective pair potential}},
	journal = {{J. Chem. Phys.}},
	volume = {{81}},
	number = {{6}},
	pages = {2523-2527},
	year = {{1984}},


}

@article{sing88molp,
	Publisher = {{Taylor and Francis Ltd}},
	author = {Singer, K. and Smith, W.},
	title = {{Path integral simulations of condensed phase Lennard-Jones systems}},
	journal = {{Mol. Phys.}},
	volume = {{64}},
	number = {{6}},
	pages = {1215-1231},
	year = {{1988}},

}

@article{lamo+06cpl,
	Publisher = {{Elsevier}},
	author = {Lamoureux, G. and Harder, E. and Vorobyov, I. V. and Roux, B. and MacKerell, A. D.},
	title = {{A polarizable model of water for molecular dynamics simulations of biomolecules}},
	journal = {{Chem. Phys. Lett.}},
	volume = {{418}},
	number = {{1-3}},
	pages = {245-249},
	year = {{2006}},

}

@article{parr-rahm84jcp,
	Publisher = {{AIP}},
	author = {Parrinello, M. and Rahman, A.},
	title = {{Study of an F center in molten KCl}},
	journal = {{J. Chem. Phys.}},
	volume = {{80}},
	pages = {860},
	year = {{1984}},

}

@inproceedings{marx-hutt00proc,
	address = {{J{\"u}lich, Germany}},
	booktitle = {{{Modern Methods and Algorithms of Quantum Chemistry}}},
	editor = {J. Grotendorst },
	publisher = {{NIC Series}},
	author = {Marx, D. and Hutter, J.},
	title = {{Ab initio molecular dynamics: theory and implementation}},
	journal = {{Modern Methods and Algorithms of Quantum Chemistry}},
	volume = {{1}},
	pages = {301-449},
	year = {{2000}},

}

@article{alim+92jcp,
	Publisher = {{AIP}},
	author = {Alimi, R. and Garc{\'{i}}a-Vela, A. and Gerber, R. B.},
	title = {{A remedy for zero-point energy problems in classical trajectories: A combined semiclassical/classical molecular dynamics algorithm}},
	journal = {{J. Chem. Phys.}},
	volume = {{96}},
	pages = {2034},
	year = {{1992}},

}

@article{cepe95rmp,
	Month = {{Apr}},
	Numpages = {{76}},
	Publisher = {{American Physical Society}},
	author = {Ceperley, D. M.},
	title = {{Path integrals in the theory of condensed helium}},
	journal = {{Rev. Mod. Phys.}},
	volume = {{67}},
	number = {{2}},
	pages = {279-355},
	year = {{1995}},


}

@article{marx+99nat,
	author = {Marx, D. and Tuckerman, M. E. and Hutter, J. and Parrinello, M.},
	title = {{The nature of the hydrated excess proton in water}},
	journal = {{Nature}},
	volume = {{397}},
	number = {{6720}},
	pages = {601-604},
	year = {{1999}},

}

@article{andr+01jcp,

	Publisher = {{AIP}},

	author = {Andreani, C. and Degiorgi, E. and Senesi, R. and Cilloco, F. and Colognesi, D. and Mayers, J. and Nardone, M. and Pace, E.},
	title = {{Single particle dynamics in fluid and solid hydrogen sulphide: An inelastic neutron scattering study}},
	journal = {{J. Chem. Phys.}},
	volume = {{114}},
	number = {{1}},
	pages = {387-398},
	year = {{2001}},


}

@article{guo+96jcp,

	Publisher = {{AIP}},

	author = {Guo, Yin and Thompson, Donald L. and Sewell, Thomas D.},
	title = {{Analysis of the zero-point energy problem in classical trajectory simulations}},
	journal = {{J. Chem. Phys.}},
	volume = {{104}},
	number = {{2}},
	pages = {576-582},
	year = {{1996}},


}

@book{feyn-hibb65book,
	address = {{New York}},
	publisher = {{McGraw-Hill}},
	author = {Feynman, R. P. and Hibbs, A. R.},
	title = {{Quantum Mechanics and Path Integrals}},
	year = {{1964}},

}

@article{reit+04bjp,
	Publisher = {{SciELO Brasil}},
	author = {Reiter, G. and Li, J. C. and Mayers, J. and Abdul-Redah, T. and Platzman, P.},
	title = {{The proton momentum distribution in water and ice}},
	journal = {{Braz. J. Phys.}},
	volume = {{34}},
	pages = {142-147},
	year = {{2004}},

}

@article{voth91pra,
	Month = {{Oct}},
	Numpages = {{3}},
	Publisher = {{American Physical Society}},
	author = {Voth, Gregory A.},
	title = {{{Calculation of equilibrium averages with Feynman-Hibbs effective classical potentials and similar variational approximations}}},
	journal = {{Phys. Rev. A}},
	volume = {{44}},
	number = {{8}},
	pages = {5302-5305},
	year = {{1991}},


}

@article{morr+07jcp,
	author = {Morrone, J. A. and Srinivasan, V. and Sebastiani, D. and Car, R.},
	title = {{Proton momentum distribution in water: an open path integral molecular dynamics study}},
	journal = {{J. Chem. Phys.}},
	volume = {{126}},
	pages = {234504},
	year = {{2007}},

}

@article{cepe-poll86prl,
	author = {Ceperley, D. M. and Pollock, E. L.},
	title = {{Path-integral computation of the low-temperature properties of liquid/sup 4/He}},
	journal = {{Phys. Rev. Lett.}},
	volume = {{56}},
	number = {{4}},
	pages = {351},
	year = {{1986}},

}

@article{ters89prb,
	Month = {{Mar}},
	Numpages = {{2}},
	Publisher = {{American Physical Society}},
	author = {Tersoff, J.},
	title = {{Modeling solid-state chemistry: Interatomic potentials for multicomponent systems}},
	journal = {{Phys. Rev. B}},
	volume = {{39}},
	number = {{8}},
	pages = {5566-5568},
	year = {{1989}},


}

@article{fox87jsp,
	Publisher = {{Springer}},
	author = {Fox, R. F.},
	title = {{Stochastic calculus in physics}},
	journal = {{J. Stat. Phys.}},
	volume = {{46}},
	number = {{5}},
	pages = {1145-1157},
	year = {{1987}},

}

@article{morr-car08prl,
	author = {Morrone, Joseph A. and Car, Roberto},
	title = {{Nuclear Quantum Effects in Water}},
	journal = {{Phys. Rev. Lett.}},
	volume = {{101}},
	number = {{1}},
	pages = {017801},
	year = {{2008}},

}

@article{bade-bern94jcp,
	author = {Bader, J. S. and Berne, B. J.},
	title = {{Quantum and classical relaxation rates from classical simulations}},
	journal = {{J. Chem. Phys.}},
	volume = {{100}},
	number = {{11}},
	pages = {8359},
	year = {{1994}},

}

@article{stoc09prl,
	author = {Stock, Gerhard},
	title = {{Classical Simulation of Quantum Energy Flow in Biomolecules}},
	journal = {{Phys. Rev. Lett.}},
	volume = {{102}},
	number = {{11}},
	pages = {118301},
	year = {{2009}},

}

@article{wang07prl,
	author = {Wang, {Jian-Sheng}},
	title = {{Quantum Thermal Transport from Classical Molecular Dynamics}},
	journal = {{Phys. Rev. Lett.}},
	volume = {{99}},
	number = {{16}},
	pages = {160601},
	year = {{2007}},


}

@article{ceri+07pre,
	author = {Ceriotti, M. and  Bussi, G. and Parrinello, M.},
	title = {{Conjugate gradient heat bath for ill-conditioned actions}},
	journal = {{Phys. Rev. E}},
	volume = {{76}},
	pages = {026707},
	year = {{2007}},
}

@article{lin+08arxiv,
	author = {Lin, L. and Lu, J. and Car, R. and Weinan, E.},
	title = {{{Multipole Representation of the Fermi Operator with Application to the Electronic Structure Analysis of Metallic Systems}}},
	journal = {{eprint arXiv: 0812.4352}},
	year = {{2008}},
}

@article{liu-tuck00jcp,

	Publisher = {{AIP}},

	author = {Liu, Yi and Tuckerman, Mark E.},
	title = {{Generalized Gaussian moment thermostatting: A new continuous dynamical approach to the canonical ensemble}},
	journal = {{J. Chem. Phys.}},
	volume = {{112}},
	number = {{4}},
	pages = {1685-1700},
	year = {{2000}},

}

@article{ceri+09arxiv,
	author = {Ceriotti, M. and Bussi, G. and Parrinello, M.},
	title = {{Nuclear quantum effects in solids using a colored-noise thermostat}},
	journal = {{eprint arxiv: 0903.4551}},
	year = {{2009}},
}

@article{bere+84jcp,
	author = {Berendsen, H. J. C. and Postma, J. P. M. and Van Gunsteren, W. F. and DiNola, A. and Haak, J. R.},
	title = {{Molecular dynamics with coupling to an external bath}},
	journal = {{J. Chem. Phys.}},
	volume = {{81}},
	pages = {3684},
	year = {{1984}},

}

@article{mart02jcp,

	Publisher = {{AIP}},

	author = {Martens, Craig C.},
	title = {{Qualitative dynamics of generalized Langevin equations and the theory of chemical reaction rates}},
	journal = {{J. Chem. Phys.}},
	volume = {{116}},
	number = {{6}},
	pages = {2516-2528},
	year = {{2002}},


}

@article{chan-woly81jcp,

	Publisher = {{AIP}},

	author = {Chandler, D. and Wolynes, P. G.},
	title = {{Exploiting the isomorphism between quantum theory and classical statistical mechanics of polyatomic fluids}},
	journal = {{J. Chem. Phys.}},
	volume = {{74}},
	number = {{7}},
	pages = {4078-4095},
	year = {{1981}},


}

@article{lin+09prb,
	Eid = {{115133}},

	Numpages = {{7}},
	Publisher = {{APS}},

	author = {Lin, Lin and Lu, Jianfeng and Car, Roberto and E, Weinan},
	title = {{Multipole representation of the Fermi operator with application to the electronic structure analysis of metallic systems}},
	journal = {{Phys. Rev. B (Condensed Matter and Materials Physics)}},
	volume = {{79}},
	number = {{11}},
	pages = {115133},
	year = {{2009}},


}

@article{ceri+09prb,
	Eid = {{165437}},

	Numpages = {{13}},
	Publisher = {{APS}},

	author = {Ceriotti, Michele and Cereda, Silvia and Montalenti, Francesco and Miglio, Leo and Bernasconi, Marco},
	title = {{{Ab initio study of the diffusion and decomposition pathways of SiHx species on Si(100)}}},
	journal = {{Phys. Rev. B (Condensed Matter and Materials Physics)}},
	volume = {{79}},
	number = {{16}},
	pages = {165437},
	year = {{2009}},


}

@article{scha+93jltp,

	Publisher = {{AIP}},

	author = {Scharf, Daphna and Martyna, Glenn J. and Klein, Michael L.},
	title = {{Structure and energetics of fluid para-hydrogen}},
	journal = {{J. Low Temp. Phys.}},
	volume = {{19}},
	number = {{5}},
	pages = {364-367},
	year = {{1993}},

}

@article{stei+83prb,
	Month = {{Jul}},
	Numpages = {{21}},
	Publisher = {{American Physical Society}},
	author = {Steinhardt, Paul J. and Nelson, David R. and Ronchetti, Marco},
	title = {{Bond-orientational order in liquids and glasses}},
	journal = {{Phys. Rev. B}},
	volume = {{28}},
	number = {{2}},
	pages = {784-805},
	year = {{1983}},


}

@article{ceri+09prl2,
	Eid = {{030603}},
	Numpages = {{4}},
	Publisher = {{APS}},

	author = {Ceriotti, Michele and Bussi, Giovanni and Parrinello, Michele},
	title = {{Nuclear Quantum Effects in Solids Using a Colored-Noise Thermostat}},
	journal = {{Phys. Rev. Lett.}},
	volume = {{103}},
	number = {{3}},
	pages = {030603},
	year = {{2009}},


}

@article{fell+95jcp,

	Publisher = {{AIP}},

	author = {Feller, Scott E. and Zhang, Yuhong and Pastor, Richard W. and Brooks, Bernard R.},
	title = {{Constant pressure molecular dynamics simulation: The Langevin piston method}},
	journal = {{J. Chem. Phys.}},
	volume = {{103}},
	number = {{11}},
	pages = {4613-4621},
	year = {{1995}},


}

@article{PLUMED,
	author = {Bonomi, Massimiliano and Branduardi, Davide and Bussi, Giovanni and Camilloni, Carlo and Provasi, Davide and Raiteri, Paolo and Donadio, Davide and Marinelli, Fabrizio and Pietrucci, Fabio and Broglia, Ricardo A. and Parrinello, Michele},
	title = {{PLUMED: A portable plugin for free-energy calculations with molecular dynamics}},
	journal = {{Comp. Phys. Comm.}},
	volume = {{180}},
	number = {{10}},
	pages = {1961-1972},
	year = {{2009}},

}

@article{tuck+93jcp,

	Publisher = {{AIP}},

	author = {Tuckerman, Mark E. and Berne, Bruce J. and Martyna, Glenn J. and Klein, Michael L.},
	title = {{Efficient molecular dynamics and hybrid Monte Carlo algorithms for path integrals}},
	journal = {{J. Chem. Phys.}},
	volume = {{99}},
	number = {{4}},
	pages = {2796-2808},
	year = {{1993}},

}

@article{diac-shah97peis,
	author = {Diaconis, Persi and Shahshahani, Mehrdad},
	title = {{The subgroup algorithm for generating uniform random variables}},
	journal = {{Probability in the Engineering and Information Sciences}},
	volume = {{1}},
	pages = {15-32},
	year = {{1987}},
}

@article{uhle-orns30pr,
	Month = {{Sep}},
	Numpages = {{18}},
	Publisher = {{American Physical Society}},
	author = {Uhlenbeck, G. E. and Ornstein, L. S.},
	title = {{On the Theory of the Brownian Motion}},
	journal = {{Phys. Rev.}},
	volume = {{36}},
	number = {{5}},
	pages = {823-841},
	year = {{1930}},

}

@article{jang-voth97jcp,

	Publisher = {{AIP}},

	author = {Jang, Seogjoo and Voth, Gregory A.},
	title = {{{Simple reversible molecular dynamics algorithms for Nos{\'e}{--}Hoover chain dynamics}}},
	journal = {{J. Chem. Phys.}},
	volume = {{107}},
	number = {{22}},
	pages = {9514-9526},
	year = {{1997}},


}

@article{tuck+96jcp,

	Publisher = {{AIP}},

	author = {Tuckerman, Mark E. and Marx, Dominik and Klein, Michael L. and Parrinello, Michele},
	title = {{Efficient and general algorithms for path integral Car{--}Parrinello molecular dynamics}},
	journal = {{J. Chem. Phys.}},
	volume = {{104}},
	number = {{14}},
	pages = {5579-5588},
	year = {{1996}},


}

@article{abe+96prep,



	author = {Abe, Y. and Ayik, S. and Reinhard, P. G. and Suraud, E.},
	title = {{On stochastic approaches of nuclear dynamics}},
	journal = {{Physics Reports}},
	volume = {{275}},
	number = {{2-3}},
	pages = {49-196},
	year = {{1996}},


}

@article{adel-broo82jpc,
	author = {Adelman, S. A. and Brooks, C. L.},
	title = {{Generalized Langevin models and condensed-phase chemical reaction dynamics}},
	journal = {{J. Phys. Chem.}},
	volume = {{86}},
	number = {{9}},
	pages = {1511},
	year = {{1982}},


}

@article{kant08prb,
	Eid = {{094304}},

	Numpages = {{12}},
	Publisher = {{APS}},

	author = {Kantorovich, L.},
	title = {{Generalized Langevin equation for solids. I. Rigorous derivation and main properties}},
	journal = {{Phys. Rev. B}},
	volume = {{78}},
	number = {{9}},
	pages = {094304},
	year = {{2008}},

}

@article{neld-mead65cj,
	Abstract = {{A method is described for the minimization of a function of n variables, which depends on the comparison of function values at the (n + 1) vertices of a general simplex, followed by the replacement of the vertex with the highest value by another point. The simplex adapts itself to the local landscape, and contracts on to the final minimum. The method is shown to be effective and computationally compact. A procedure is given for the estimation of the Hessian matrix in the neighbourhood of the minimum, needed in statistical estimation problems. }},


	author = {Nelder, J. A. and Mead, R.},
	title = {{A Simplex Method for Function Minimization}},
	journal = {{Comp. J.}},
	volume = {{7}},
	number = {{4}},
	pages = {308-313},
	year = {{1965}},

}

@article{lee-bern00jpca,
	author = {Lee, Yong-Han and Berne, B. J.},
	title = {{Global Optimization:{~} Quantum Thermal Annealing with Path Integral Monte Carlo}},
	journal = {{J. Phys. Chem. A}},
	volume = {{104}},
	number = {{1}},
	pages = {86},
	year = {{2000}},


}

@article{sant+02science,
	Abstract = {{Probing the lowest energy configuration of a complex system by quantum annealing was recently found to be more effective than its classical, thermal counterpart. By comparing classical and quantum Monte Carlo annealing protocols on the two-dimensional random Ising model (a prototype spin glass), we confirm the superiority of quantum annealing relative to classical annealing. We also propose a theory of quantum annealing based on a cascade of Landau-Zener tunneling events. For both classical and quantum annealing, the residual energy after annealing is inversely proportional to a power of the logarithm of the annealing time, but the quantum case has a larger power that makes it faster.}},
	Copyright = {{Copyright {\copyright} 2002 American Association for the Advancement of Science}},

	Jstor_articletype = {{primary_article}},
	Jstor_formatteddate = {{Mar. 29, 2002}},
	Publisher = {{American Association for the Advancement of Science}},
	Series = {{New Series}},

	author = {Santoro, Giuseppe E. and Marto{\v{n}}{\'{a}}k, Roman and Tosatti, Erio and Car, Roberto},
	title = {{Theory of Quantum Annealing of an Ising Spin Glass}},
	journal = {{Science}},
	volume = {{295}},
	number = {{5564}},
	pages = {2427-2430},
	year = {{2002}},

}

@article{sant-tosa06jpa,
	author = {Santoro, Giuseppe E. and Tosatti, Erio},
	title = {{Optimization using quantum mechanics: quantum annealing through adiabatic evolution}},
	journal = {{J. Phys. A}},
	volume = {{39}},
	number = {{36}},
	pages = {R393},
	year = {{2006}},

}

@article{habe+09jcp,
	pmid = {{19603998}},
	author = {Habershon, S. and Markland, T. E. and Manolopoulos, D. E},
	title = {{Competing quantum effects in the dynamics of a flexible water model.}},
	journal = {{J. Chem. Phys.}},
	volume = {{131}},
	number = {{2}},
	pages = {024501},
	year = {{2009}},


}

@article{mark-mano08cpl,
	author = {Markland, T. E. and Manolopoulos, D. E.},
	title = {{A refined ring polymer contraction scheme for systems with electrostatic interactions}},
	journal = {{Chem. Phys. Lett.}},
	volume = {{464}},
	number = {{4-6}},
	pages = {256},
	year = {{2008}},


}

@article{louw-baer06cpl,


	author = {Louwerse, Manuel J. and Baerends, Evert Jan},
	title = {{Calculation of pressure in case of periodic boundary conditions}},
	journal = {{Chem. Phys. Lett.}},
	volume = {{421}},
	number = {{1-3}},
	pages = {138-141},
	year = {{2006}},

}

@article{bard+08prl,
	Eid = {{020603}},
	Numpages = {{4}},
	Publisher = {{APS}},

	author = {Barducci, Alessandro and Bussi, Giovanni and Parrinello, Michele},
	title = {{Well-Tempered Metadynamics: A Smoothly Converging and Tunable Free-Energy Method}},
	journal = {{Phys. Rev. Lett.}},
	volume = {{100}},
	number = {{2}},
	pages = {020603},
	year = {{2008}},

}

@article{damm+09prl,
	Eid = {{190601}},
	Numpages = {{4}},
	Publisher = {{APS}},

	author = {Dammak, Hichem and Chalopin, Yann and Laroche, Marine and Hayoun, Marc and Greffet, Jean-Jacques},
	title = {{Quantum Thermal Bath for Molecular Dynamics Simulation}},
	journal = {{Phys. Rev. Lett.}},
	volume = {{103}},
	number = {{19}},
	pages = {190601},
	year = {{2009}},


}

@article{bao+06pre,
	Eid = {{041125}},

	Numpages = {{4}},
	Publisher = {{APS}},

	author = {Bao, Jing-Dong and Zhou, Yan and L{\"{u}}, Kun},
	title = {{Anomalous diffusion in periodic potentials under self-similar colored noise}},
	journal = {{Phys. Rev. E (Statistical, Nonlinear, and Soft Matter Physics)}},
	volume = {{74}},
	number = {{4}},
	pages = {041125},
	year = {{2006}},

}

@article{gres+80ssc,


	author = {Grest, G. S. and Nagel, S. R. and Rahman, A.},
	title = {{Quench echoes in molecular dynamics{--}A new phonon spectroscopy}},
	journal = {{Sol. St. Comm.}},
	volume = {{36}},
	number = {{10}},
	pages = {875-879},
	year = {{1980}},

}

@article{ceri+10jctc,
	author = {Ceriotti, M. and Bussi, G. and Parrinello, M.},
	title = {{Colored noise Thermostats {\`a} la carte}},
	journal = {{Journal of Chemical Theory and Computation}},
	volume = {{6}},
	pages = {1170-1180},
	year = {{2010}},


}

@article{gamm+98rmp,
	Month = {{Jan}},
	Numpages = {{64}},
	Publisher = {{American Physical Society}},
	author = {Gammaitoni, Luca and H{\"{a}}nggi, Peter and Jung, Peter and Marchesoni, Fabio},
	title = {{Stochastic resonance}},
	journal = {{Rev. Mod. Phys.}},
	volume = {{70}},
	number = {{1}},
	pages = {223-287},
	year = {{1998}},

}

@article{wang-zung94jcp,

	Publisher = {{AIP}},

	author = {Wang, {Lin-Wang} and Zunger, Alex},
	title = {{{Solving Schr{\"o}dinger{'}s equation around a desired energy: Application to silicon quantum dots}}},
	journal = {{J. Chem. Phys.}},
	volume = {{100}},
	number = {{3}},
	pages = {2394-2397},
	year = {{1994}},

}

@article{mill05pnas,
	Abstract = {{This Perspective presents a broad overview of the present status of theoretical capabilities for describing quantum dynamics in molecular systems with many degrees of freedom, e.g., chemical reactions in solution, clusters, solids, or biomolecular environments. }},


	author = {Miller, William H.},
	title = {{Quantum dynamics of complex molecular systems}},
	journal = {{Proc. Natl. Acad. Sci. USA of the United States of America}},
	volume = {{102}},
	number = {{19}},
	pages = {6660-6664},
	year = {{2005}},

}

@article{mara+90aop,


	author = {Maradudin, A. A. and Michel, T. and McGurn, A. R. and M{\'{e}}ndez, E. R.},
	title = {{Enhanced backscattering of light from a random grating}},
	journal = {{Ann. Phys.}},
	volume = {{203}},
	number = {{2}},
	pages = {255-307},
	year = {{1990}},


}

@article{mori65ptp2,
	author = {Mori, Hazime},
	title = {{A Continued-Fraction Representation of the Time-Correlation Functions}},
	journal = {{Prog. Th. Phys.}},
	volume = {{34}},
	number = {{3}},
	pages = {399},
	year = {{1965}},

}

@article{mori65ptp,
	author = {Mori, Hazime},
	title = {{Transport, Collective Motion, and Brownian Motion}},
	journal = {{Prog. Th. Phys.}},
	volume = {{33}},
	number = {{3}},
	pages = {423},
	year = {{1965}},

}

@article{metr+53jcp,
	Publisher = {{AIP}},

	author = {Metropolis, N. and Rosenbluth, A. W. and Rosenbluth, M. N. and Teller, A. H. and Teller, E.},
	title = {{Equation of State Calculations by Fast Computing Machines}},
	journal = {{J. Chem. Phys.}},
	volume = {{21}},
	number = {{6}},
	pages = {1087-1092},
	year = {{1953}},

}

@article{duan+87plb,


	author = {Duane, S. and Kennedy, A. D. and Pendleton, B. J. and Roweth, D.},
	title = {{Hybrid Monte Carlo}},
	journal = {{Phys. Lett. B}},
	volume = {{195}},
	number = {{2}},
	pages = {216-222},
	year = {{1987}},

}

@article{kirk+83science,
	Abstract = {{There is a deep and useful connection between statistical mechanics (the behavior of systems with many degrees of freedom in thermal equilibrium at a finite temperature) and multivariate or combinatorial optimization (finding the minimum of a given function depending on many parameters). A detailed analogy with annealing in solids provides a framework for optimization of the properties of very large and complex systems. This connection to statistical mechanics exposes new information and provides an unfamiliar perspective on traditional optimization problems and methods.}},
	Copyright = {{Copyright {\copyright} 1983 American Association for the Advancement of Science}},

	Jstor_articletype = {{primary_article}},
	Jstor_formatteddate = {{May 13, 1983}},
	Publisher = {{American Association for the Advancement of Science}},
	Series = {{New Series}},

	author = {Kirkpatrick, S. and Gelatt, C. D. and Vecchi, M. P.},
	title = {{Optimization by Simulated Annealing}},
	journal = {{Science}},
	volume = {{220}},
	number = {{4598}},
	pages = {671-680},
	year = {{1983}},
}

@article{soko-02pre,
	Month = {{Oct}},
	Numpages = {{5}},
	Publisher = {{American Physical Society}},
	author = {Sokolov, I. M.},
	title = {{Solutions of a class of non-Markovian Fokker-Planck equations}},
	journal = {{Phys. Rev. E}},
	volume = {{66}},
	number = {{4}},
	pages = {041101},
	year = {{2002}},

}

@article{darv+09pnas,
	Abstract = {{The Mori{--}Zwanzig formalism is an effective tool to derive differential equations describing the evolution of a small number of resolved variables. In this paper we present its application to the derivation of generalized Langevin equations and generalized non-Markovian Fokker{--}Planck equations. We show how long time scales rates and metastable basins can be extracted from these equations. Numerical algorithms are proposed to discretize these equations. An important aspect is the numerical solution of the orthogonal dynamics equation which is a partial differential equation in a high dimensional space. We propose efficient numerical methods to solve this orthogonal dynamics equation. In addition, we present a projection formalism of the Mori{--}Zwanzig type that is applicable to discrete maps. Numerical applications are presented from the field of Hamiltonian systems. }},


	author = {Darve, Eric and Solomon, Jose and Kia, Amirali},
	title = {{Computing generalized Langevin equations and generalized Fokker{--}Planck equations}},
	journal = {{Proc. Natl. Acad. Sci. USA}},
	volume = {{106}},
	number = {{27}},
	pages = {10884-10889},
	year = {{2009}},


}

@article{adel76jcp,
	Publisher = {{AIP}},

	author = {Adelman, S. A.},
	title = {{Fokker{--}Planck equations for simple non-Markovian systems}},
	journal = {{J. Chem. Phys.}},
	volume = {{64}},
	number = {{1}},
	pages = {124-130},
	year = {{1976}},


}

@book{risk96book,
	address = {{Berlin}},
	publisher = {{Springer}},
	author = {Risken, H.},
	title = {{The Fokker-Planck Equation}},
	year = {{1996}},
}

@article{gill-96pre,
	Month = {{Aug}},
	Numpages = {{7}},
	Publisher = {{American Physical Society}},
	author = {Gillespie, Daniel T.},
	title = {{Exact numerical simulation of the Ornstein-Uhlenbeck process and its integral}},
	journal = {{Phys. Rev. E}},
	volume = {{54}},
	number = {{2}},
	pages = {2084-2091},
	year = {{1996}},


}

@article{bao-zhuo03prl,
	Month = {{Sep}},
	Numpages = {{4}},
	Publisher = {{American Physical Society}},
	author = {Bao, Jing-Dong and Zhuo, Yi-Zhong},
	title = {{Ballistic Diffusion Induced by a Thermal Broadband Noise}},
	journal = {{Phys. Rev. Lett.}},
	volume = {{91}},
	number = {{13}},
	pages = {138104},
	year = {{2003}},

}

@article{eins05anp,
	author = {Einstein, A.},
	title = {{{\"{U}}ber die von der molekularkinetischen Theorie der W{\"{a}}rme geforderte Bewegung von in ruhenden Fl{\"{u}}ssigkeiten suspendierten Teilchen}},
	journal = {{Ann. Phys.}},
	volume = {{322}},
	number = {{8}},
	pages = {549},
	year = {{1905}},

}

@article{lang08cras,
	author = {Langevin, P.},
	title = {{{The theory of Brownian movement}}},
	journal = {{CR Acad. Sci}},
	volume = {{146}},
	pages = {530},
	year = {{1908}},

}

@book{stra63book,
	address = {{New York}},
	publisher = {{Gordon and Breach}},
	author = {Stratonovich, R. L.},
	title = {{Topics in the Theory of Random Noise}},
	volume = {{1}},
	year = {{1963}},
}

@article{cicc-ryck81jsp,
	Publisher = {{Springer}},
	author = {Ciccotti, G. and Ryckaert, J. P.},
	title = {{On the derivation of the generalized Langevin equation for interacting Brownian particles}},
	journal = {{J. Stat. Phys.}},
	volume = {{26}},
	number = {{1}},
	pages = {73-82},
	year = {{1981}},
}

@article{zwan73jsp,
	Publisher = {{Springer}},
	author = {Zwanzig, R.},
	title = {{Nonlinear generalized Langevin equations}},
	journal = {{J. Stat. Phys.}},
	volume = {{9}},
	number = {{3}},
	pages = {215-220},
	year = {{1973}},
}

@article{izra+97bj,
	Publisher = {{Elsevier}},
	author = {Izrailev, S. and Stepaniants, S. and Balsera, M. and Oono, Y. and Schulten, K.},
	title = {{Molecular dynamics study of unbinding of the avidin-biotin complex}},
	journal = {{Biophys. J.}},
	volume = {{72}},
	number = {{4}},
	pages = {1568-1581},
	year = {{1997}},
}

@article{angi+10prb,
	Month = {{Mar}},
	Numpages = {{11}},
	Publisher = {{American Physical Society}},
	author = {Angioletti-Uberti, Stefano and Ceriotti, Michele and Lee, Peter D. and Finnis, Mike W.},
	title = {{Solid-liquid interface free energy through metadynamics simulations}},
	journal = {{Phys. Rev. B}},
	volume = {{81}},
	number = {{12}},
	pages = {125416},
	year = {{2010}},


}

@article{jorg+96jacs,
	author = {Jorgensen, W. L. and Maxwell, D. S. and Tirado-Rives, J.},
	title = {{Development and testing of the OPLS all-atom force field on conformational energetics and properties of organic liquids}},
	journal = {{J. Am. Chem. Soc}},
	volume = {{118}},
	number = {{45}},
	pages = {11225-11236},
	year = {{1996}},
}

@article{hess+08jctc,
	author = {Hess, B. and Kutzner, C. and van der Spoel, D. and Lindahl, E.},
	title = {{{GROMACS 4: Algorithms for highly efficient, load-balanced, and scalable molecular simulation}}},
	journal = {{J. Chem. Theory Comput.}},
	volume = {{4}},
	number = {{3}},
	pages = {435-447},
	year = {{2008}},
}

@article{laio-gerv08rpp,
	Publisher = {{Institute of Physics Publishing}},
	author = {Laio, A. and Gervasio, F. L.},
	title = {{Metadynamics: a method to simulate rare events and reconstruct the free energy in biophysics, chemistry and material science}},
	journal = {{Rep. Prog. Phys.}},
	volume = {{71}},
	pages = {126601},
	year = {{2008}},
}

@article{buss+06prl,
	Publisher = {{APS}},
	author = {Bussi, G. and Laio, A. and Parrinello, M.},
	title = {{Equilibrium free energies from nonequilibrium metadynamics}},
	journal = {{Physical review letters}},
	volume = {{96}},
	number = {{9}},
	pages = {90601},
	year = {{2006}},
}

@book{all-tild90book,
	publisher = {{Oxford University Press, USA}},
	author = {Allen, M. P. and Tildesley, D. J.},
	title = {{Computer simulation of liquids}},
	year = {{1990}},
}

@article{habe-mano09jcp,
	Eid = {{244518}},

	Numpages = {{11}},
	Publisher = {{AIP}},

	author = {Habershon, S. and Manolopoulos, D. E.},
	title = {{Zero point energy leakage in condensed phase dynamics: An assessment of quantum simulation methods for liquid water}},
	journal = {{J. Chem. Phys.}},
	volume = {{131}},
	number = {{24}},
	pages = {244518},
	year = {{2009}},

}

@article{jacu-omer83jcp,
	author = {Jacucci, G. and Omerti, E.},
	title = {{Monte Carlo calculation of the radial distribution function of quantum hard spheres at finite temperatures using path integrals with boundary conditions}},
	journal = {{J. Chem. Phys.}},
	volume = {{79}},
	pages = {3051},
	year = {{1983}},
}

@article{orim+07cr,
	author = {Orimo, S. and Nakamori, Y. and Eliseo, J. R. and Zuttel, A. and Jensen, C. M.},
	title = {{Complex hydrides for hydrogen storage}},
	journal = {{Chem. Rev}},
	volume = {{107}},
	number = {{10}},
	pages = {4111-4132},
	year = {{2007}},
}

@article{greg-08jmc,
	Publisher = {{Royal Society of Chemistry}},
	author = {Gregory, D. H.},
	title = {{Lithium nitrides, imides and amides as lightweight, reversible hydrogen stores}},
	journal = {{J. Mat. Chem.}},
	volume = {{18}},
	number = {{20}},
	pages = {2321-2330},
	year = {{2008}},
}

@article{chen+02nat,
	Publisher = {{Nature Publishing Group}},
	author = {Chen, P. and Xiong, Z. and Luo, J. and Lin, J. and Tan, K. L.},
	title = {{Interaction of hydrogen with metal nitrides and imides}},
	journal = {{Nature}},
	volume = {{420}},
	number = {{6913}},
	pages = {302-304},
	year = {{2002}},
}

@article{chen-zhu08mt,
	Publisher = {{Elsevier}},
	author = {Chen, P. and Zhu, M.},
	title = {{Recent progress in hydrogen storage}},
	journal = {{Materials Today}},
	volume = {{11}},
	number = {{12}},
	pages = {36-43},
	year = {{2008}},
}

@article{andre+05advp,
	Publisher = {{Taylor \& Francis}},
	author = {Andreani, C. and Colognesi, D. and Mayers, J. and Reiter, G. F. and Senesi, R.},
	title = {{Measurement of momentum distribution of light atoms and molecules in condensed matter systems using inelastic neutron scattering}},
	journal = {{Adv. Phys.}},
	volume = {{54}},
	number = {{5}},
	pages = {377-469},
	year = {{2005}},
}

@article{form71jcp,
	author = {Forman, R. A.},
	title = {{Order{--}Disorder Transition in Lithium Imide, LiNH}},
	journal = {{J. Chem. Phys.}},
	volume = {{55}},
	pages = {1987},
	year = {{1971}},
}

@article{haig+66jcp,
	author = {Haigh, P. J. and Forman, R. A. and Frisch, R. C.},
	title = {{Nuclear Magnetic Resonance of Li and H in Solid Lithium Imide, Lithium Amide, and Lithium Nitride}},
	journal = {{J. Chem. Phys.}},
	volume = {{45}},
	pages = {812},
	year = {{1966}},
}

@article{balo+06jac,
	Publisher = {{Elsevier}},
	author = {Balogh, M. P. and Jones, C. Y. and Herbst, J. F. and Hector, L. G. and others},
	title = {{Crystal structures and phase transformation of deuterated lithium imide, Li2ND}},
	journal = {{J. Alloys Compd.}},
	volume = {{420}},
	number = {{1-2}},
	pages = {326-336},
	year = {{2006}},
}

@article{hect-herb08jpcm,
	Publisher = {{Institute of Physics Publishing}},
	author = {Hector Jr, L. G. and Herbst, J. F.},
	title = {{Density functional theory for hydrogen storage materials: successes and opportunities}},
	journal = {{J. Phys. Cond. Mat.}},
	volume = {{20}},
	pages = {064229},
	year = {{2008}},
}

@article{herb-hect05prb,
	Publisher = {{APS}},
	author = {Herbst, J. F. and Hector Jr, L. G.},
	title = {{Energetics of the Li amide/Li imide hydrogen storage reaction}},
	journal = {{Phys. Rev. B}},
	volume = {{72}},
	number = {{12}},
	pages = {125120},
	year = {{2005}},
}

@article{rijs+08jac,
	Publisher = {{Elsevier}},
	author = {Rijssenbeek, J. and Gao, Y. and Hanson, J. and Huang, Q. and Jones, C. and Toby, B.},
	title = {{Crystal structure determination and reaction pathway of amide-hydride mixtures}},
	journal = {{J. Alloys Compd.}},
	volume = {{454}},
	number = {{1-2}},
	pages = {233-244},
	year = {{2008}},
}

@article{muel-cede06prb,
	Publisher = {{APS}},
	author = {Mueller, T. and Ceder, G.},
	title = {{Effective interactions between the NH bond orientations in lithium imide and a proposed ground-state structure}},
	journal = {{Phys. Rev. B}},
	volume = {{74}},
	number = {{13}},
	pages = {134104},
	year = {{2006}},
}

@article{magy+06prb,
	Publisher = {{APS}},
	author = {Magyari-K{\"{o}}pe, B. and Ozoli{\c{n}}{\v{s}}, V. and Wolverton, C.},
	title = {{Theoretical prediction of low-energy crystal structures and hydrogen storage energetics in Li$_2$ NH}},
	journal = {{Phys. Rev. B}},
	volume = {{73}},
	number = {{22}},
	pages = {220101},
	year = {{2006}},
}

@article{ricc-cicc09molp,
	Publisher = {{Taylor \& Francis}},
	author = {Ricci, A. and Ciccotti, G.},
	title = {{Algorithms for Brownian dynamics}},
	journal = {{Molecular physics}},
	volume = {{101}},
	number = {{12}},
	pages = {1927-1931},
	year = {{2003}},
}

@article{arau+prb09,
	Publisher = {{APS}},
	author = {Ara{\'{u}}jo, C. M. and Blomqvist, A. and Scheicher, R. H. and Chen, P. and Ahuja, R.},
	title = {{Superionicity in the hydrogen storage material Li$_2$ NH: Molecular dynamics simulations}},
	journal = {{Phys. Rev. B}},
	volume = {{79}},
	number = {{17}},
	pages = {172101},
	year = {{2009}},
}

@article{zhan+05jpcb,
	Publisher = {{Washington, DC: American Chemical Society, c1997-}},
	author = {Zhang, C. and Dyer, M. and Alavi, A.},
	title = {{Quantum delocalization of hydrogen in the Li2NH crystal}},
	journal = {{J. Phys. Chem. B}},
	volume = {{109}},
	number = {{47}},
	pages = {22089-22091},
	year = {{2005}},
}

@article{maye+02jms,



	author = {Mayers, J. and Reiter, G. F. and Platzman, P.},
	title = {{Measurement of proton momentum distributions by eV neutron scattering}},
	journal = {{Journal of Molecular Structure}},
	volume = {{615}},
	number = {{1-3}},
	pages = {275-282},
	year = {{2002}},

}

@article{reit+02prb,
	Month = {{Mar}},
	Numpages = {{9}},
	Publisher = {{American Physical Society}},
	author = {Reiter, G. F. and Mayers, J. and Noreland, J.},
	title = {{Momentum-distribution spectroscopy using deep inelastic neutron scattering}},
	journal = {{Phys. Rev. B}},
	volume = {{65}},
	number = {{10}},
	pages = {104305},
	year = {{2002}},

}

@article{koji-kawa05jac,
	Publisher = {{Elsevier}},
	author = {Kojima, Y. and Kawai, Y.},
	title = {{IR characterizations of lithium imide and amide}},
	journal = {{J. Alloys Compd.}},
	volume = {{395}},
	number = {{1-2}},
	pages = {236-239},
	year = {{2005}},
}

@article{mart+96molp,
	Publisher = {{Taylor \& Francis}},
	author = {Martyna, G. J. and Tuckerman, M. E. and Tobias, D. J. and Klein, M. L.},
	title = {{Explicit reversible integrators for extended systems dynamics}},
	journal = {{Mol. Phys.}},
	volume = {{87}},
	number = {{5}},
	pages = {1117-1157},
	year = {{1996}},
}

@article{zhou+08jmr,
	Publisher = {{Pittsburgh, PA: Published for the Materials Research Society by the American Institute of Physics, c1986-}},
	author = {Zhou, X. W. and Zimmerman, J. A. and Wong, B. M. and Hoyt, J. J.},
	title = {{An embedded-atom method interatomic potential for Pd-H alloys}},
	journal = {{J. Mat. Res.}},
	volume = {{23}},
	number = {{3}},
	pages = {704-718},
	year = {{2008}},
}

@article{crai-mano04jcp,
	author = {Craig, I. R. and Manolopoulos, D. E.},
	title = {{Quantum statistics and classical mechanics: Real time correlation functions from ring polymer molecular dynamics}},
	journal = {{J. Chem. Phys.}},
	volume = {{121}},
	pages = {3368},
	year = {{2004}},
}

@article{rich-alth09jcp,
	author = {Richardson, J. O. and Althorpe, S. C.},
	title = {{Ring-polymer molecular dynamics rate-theory in the deep-tunneling regime: Connection with semiclassical instanton theory}},
	journal = {{J. Chem. Phys.}},
	volume = {{131}},
	pages = {214106},
	year = {{2009}},
}

@article{mice+10unp,
	author = {Miceli, Giacomo and Ceriotti, Michele and Bernasconi, Marco and Parrinello, Michele},
	title = {{Static disorder and structural correlations in the low temperature phase of lithium imide}},
	journal = {{submitted}},
	year = {{2010}},

}

@article{khal+10prb,
	Month = {{Mar}},
	Numpages = {{4}},
	Publisher = {{American Physical Society}},
	author = {Khaliullin, Rustam Z. and Eshet, Hagai and K{\"{u}}hne, Thomas D. and Behler, J{\"{o}}rg and Parrinello, Michele},
	title = {{Graphite-diamond phase coexistence study employing a neural-network mapping of the ab initio potential energy surface}},
	journal = {{Phys. Rev. B}},
	volume = {{81}},
	number = {{10}},
	pages = {100103},
	year = {{2010}},

}

@article{koha+92prb,
	Publisher = {{APS}},
	author = {Kohanoff, J. and Andreoni, W. and Parrinello, M.},
	title = {{Zero-point-motion effects on the structure of C_ $$60$$}},
	journal = {{Phys. Rev. B}},
	volume = {{46}},
	number = {{7}},
	pages = {4371-4373},
	year = {{1992}},
}

@article{hene72jpa,
	Publisher = {{Institute of Physics Publishing}},
	author = {Henery, R. J.},
	title = {{The generalized Langevin equation}},
	journal = {{J. Phys. A: General Physics}},
	volume = {{5}},
	pages = {1312-1319},
	year = {{1972}},
}

@article{risk72zpa,
	Publisher = {{Springer}},
	author = {Risken, H.},
	title = {{Solutions of the Fokker-Planck equation in detailed balance}},
	journal = {{Zeitschrift f{\"u}r Physik A}},
	volume = {{251}},
	number = {{3}},
	pages = {231-243},
	year = {{1972}},
}

@article{mort+02jcp,
	author = {Mortenson, P. N. and Evans, D. A. and Wales, D. J.},
	title = {{Energy landscapes of model polyalanines}},
	journal = {{J. Chem. Phys.}},
	volume = {{117}},
	pages = {1363},
	year = {{2002}},
}

@misc{gle4md,
	howpublished = {{http://gle4md.berlios.de}},
}

@article{marx-parr96jcp,

	Publisher = {{AIP}},

	author = {Marx, Dominik and Parrinello, Michele},
	title = {{Ab initio path integral molecular dynamics: Basic ideas}},
	journal = {{J. Chem. Phys.}},
	volume = {{104}},
	number = {{11}},
	pages = {4077-4082},
	year = {{1996}},

}

@article{shig-shin05jcp,
	Eid = {{134502}},

	Numpages = {{8}},
	Publisher = {{AIP}},

	author = {Shiga, Motoyuki and Shinoda, Wataru},
	title = {{Calculation of heat capacities of light and heavy water by path-integral molecular dynamics}},
	journal = {{J. Chem. Phys.}},
	volume = {{123}},
	number = {{13}},
	pages = {134502},
	year = {{2005}},

}

@article{poma-dell10prl,
	Month = {{Jun}},
	Numpages = {{4}},
	Publisher = {{American Physical Society}},
	author = {Poma, A. B. and Delle Site, L.},
	title = {{Classical to Path-Integral Adaptive Resolution in Molecular Simulation: Towards a Smooth Quantum-Classical Coupling}},
	journal = {{Phys. Rev. Lett.}},
	volume = {{104}},
	number = {{25}},
	pages = {250201},
	year = {{2010}},

}

@article{glae-frie02jcp,

	Publisher = {{AIP}},

	author = {Glaesemann, Kurt R. and Fried, Laurence E.},
	title = {{Improved heat capacity estimator for path integral simulations}},
	journal = {{J. Chem. Phys.}},
	volume = {{117}},
	number = {{7}},
	pages = {3020-3026},
	year = {{2002}},


}

@article{lude+10cpc,
	Publisher = {{John Wiley \& Sons}},
	author = {Ludue{\~{n}}a, G. A. and Wegner, M. and Bj{\aa}lie, L. and Sebastiani, D.},
	title = {{Local Disorder in Hydrogen Storage Compounds: The Case of Lithium Amide/Imide}},
	journal = {{ChemPhysChem}},
	volume = {{EARLYVIEW}},
}

@article{hend74pla,


	author = {Henderson, R. L.},
	title = {{A uniqueness theorem for fluid pair correlation functions}},
	journal = {{Phys. Lett. A}},
	volume = {{49}},
	number = {{3}},
	pages = {197-198},
	year = {{1974}},

}

@article{ceri+10jcp,
	Eid = {{124104}},

	Numpages = {{13}},
	Publisher = {{AIP}},

	author = {Ceriotti, M. and Parrinello, M. and Markland, T. E. and Manolopoulos, D. E.},
	title = {{Efficient stochastic thermostatting of path integral molecular dynamics}},
	journal = {{J. Chem. Phys.}},
	volume = {{133}},
	number = {{12}},
	pages = {124104},
	year = {{2010}},

}

@article{endr-schi03ieee,


	Month = {{jul.}},
	author = {Endres, D. M. and Schindelin, J. E.},
	title = {{A new metric for probability distributions}},
	journal = {{IEEE Trans. Inf. Th.}},
	volume = {{49}},
	number = {{7}},
	pages = {1858-1860},
	year = {{2003}},

}

@article{lin+10prl,
	Month = {{Sep}},
	Numpages = {{4}},
	Publisher = {{American Physical Society}},
	author = {Lin, Lin and Morrone, Joseph A. and Car, Roberto and Parrinello, Michele},
	title = {{Displaced Path Integral Formulation for the Momentum Distribution of Quantum Particles}},
	journal = {{Phys. Rev. Lett.}},
	volume = {{105}},
	number = {{11}},
	pages = {110602},
	year = {{2010}},

}

@article{past+91pa,
	Month = {{Nov}},
	Numpages = {{13}},
	Publisher = {{American Physical Society}},
	author = {Pastore, G. and Smargiassi, E. and Buda, F.},
	title = {{Theory of ab initio molecular-dynamics calculations}},
	journal = {{Phys. Rev. A}},
	volume = {{44}},
	number = {{10}},
	pages = {6334-6347},
	year = {{1991}},

}

@article{trib+10pnas,
	Abstract = {{A new self-learning algorithm for accelerated dynamics, reconnaissance metadynamics, is proposed that is able to work with a very large number of collective coordinates. Acceleration of the dynamics is achieved by constructing a bias potential in terms of a patchwork of one-dimensional, locally valid collective coordinates. These collective coordinates are obtained from trajectory analyses so that they adapt to any new features encountered during the simulation. We show how this methodology can be used to enhance sampling in real chemical systems citing examples both from the physics of clusters and from the biological sciences.}},


	author = {Tribello, Gareth A. and Ceriotti, Michele and Parrinello, Michele},
	title = {{A self-learning algorithm for biased molecular dynamics}},
	journal = {{Proc. Natl. Acad. Sci. USA}},
	volume = {{107}},
	number = {{41}},
	pages = {17509-17514},
	year = {{2010}},


}

@article{tene+00sci,
	Publisher = {{AAAS}},
	author = {Tenenbaum, J. B. and Silva, V. and Langford, J. C.},
	title = {{A global geometric framework for nonlinear dimensionality reduction}},
	journal = {{Science}},
	volume = {{290}},
	number = {{5500}},
	pages = {2319},
	year = {{2000}},
}

@inproceedings{ples-simo02proc,
	booktitle = {{Proc. of the International Conference on Imaging Science, Systems, and Technology}},
	Organization = {{Citeseer}},
	author = {Pless, R. and Simon, I.},
	title = {{Embedding images in non-flat spaces}},
	year = {{2002}},
}

@Misc{parr-rahm82book,
	Note = {{M. Parrinello and A. Rahman, in Monte Carlo Methods in Quantum Problems, edited by M. H. Kalos (Reidel, Dordrecht, 1984), page 105.}},
}

@article{cao-voth94jcp,

	Publisher = {{AIP}},

	author = {Cao, Jianshu and Voth, Gregory A.},
	title = {{The formulation of quantum statistical mechanics based on the Feynman path centroid density. IV. Algorithms for centroid molecular dynamics}},
	journal = {{J. Chem. Phys.}},
	volume = {{101}},
	number = {{7}},
	pages = {6168-6183},
	year = {{1994}},

}

@article{cao-voth93jcp,

	Publisher = {{AIP}},

	author = {Cao, Jianshu and Voth, Gregory A.},
	title = {{A new perspective on quantum time correlation functions}},
	journal = {{J. Chem. Phys.}},
	volume = {{99}},
	number = {{12}},
	pages = {10070-10073},
	year = {{1993}},

}

@article{ceri+10prb,
	Month = {{Nov}},
	Numpages = {{5}},
	Publisher = {{American Physical Society}},
	author = {Ceriotti, Michele and Miceli, Giacomo and Pietropaolo, Antonino and Colognesi, Daniele and Nale, Angeloclaudio and Catti, Michele and Bernasconi, Marco and Parrinello, Michele},
	title = {{Nuclear quantum effects in ab initio dynamics: Theory and experiments for lithium imide}},
	journal = {{Phys. Rev. B}},
	volume = {{82}},
	number = {{17}},
	pages = {174306},
	year = {{2010}},

}

@article{king-vand94prb,
	Month = {{Mar}},
	Numpages = {{16}},
	Publisher = {{American Physical Society}},
	author = {King-Smith, R. D. and Vanderbilt, David},
	title = {{First-principles investigation of ferroelectricity in perovskite compounds}},
	journal = {{Phys. Rev. B}},
	volume = {{49}},
	number = {{9}},
	pages = {5828-5844},
	year = {{1994}},


}

@article{vand97cossms,


	author = {Vanderbilt, David},
	title = {{First-principles based modelling of ferroelectrics}},
	journal = {{Current Opinion in Solid State and Materials Science}},
	volume = {{2}},
	number = {{6}},
	pages = {701-705},
	year = {{1997}},


}

@article{chin97pla,



	author = {Chin, S. A.},
	title = {{Symplectic integrators from composite operator factorizations}},
	journal = {{Phys. Lett. A}},
	volume = {{226}},
	number = {{6}},
	pages = {344-348},
	year = {{1997}},


}

@article{yama05jcp,
	author = {Yamamoto, T. M.},
	title = {{Path-integral virial estimator based on the scaling of fluctuation coordinates: Application to quantum clusters with fourth-order propagators}},
	journal = {{J. Chem. Phys.}},
	volume = {{123}},
	pages = {104101},
	year = {{2005}},

}

@article{morr+11jcp,
	Eid = {{014103}},

	Numpages = {{11}},
	Publisher = {{AIP}},

	author = {Morrone, Joseph A. and Markland, Thomas E. and Ceriotti, Michele and Berne, B. J.},
	title = {{Efficient multiple time scale molecular dynamics: Using colored noise thermostats to stabilize resonances}},
	journal = {{J. Chem. Phys.}},
	volume = {{134}},
	number = {{1}},
	pages = {014103},
	year = {{2011}},


}

@article{ghos+98fe,

	Publisher = {{Taylor \& Francis}},
	author = {Ghosez, P. S. H. and Gonze, X. and Michenaud, J. P.},
	title = {{Ab initio phonon dispersion curves and interatomic force constants of barium titanate}},
	journal = {{Ferroelectrics}},
	volume = {{206}},
	number = {{1}},
	pages = {205-217},
	year = {{1998}},

}

@article{zhon+94prl,
	Month = {{Sep}},
	Numpages = {{3}},
	Publisher = {{American Physical Society}},
	author = {Zhong, W. and Vanderbilt, David and Rabe, K. M.},
	title = {{Phase Transitions in BaTi$O_3$ from First Principles}},
	journal = {{Phys. Rev. Lett.}},
	volume = {{73}},
	number = {{13}},
	pages = {1861-1864},
	year = {{1994}},


}

@article{zhon+95prb,
	Month = {{Sep}},
	Numpages = {{11}},
	Publisher = {{American Physical Society}},
	author = {Zhong, W. and Vanderbilt, David and Rabe, K. M.},
	title = {{First-principles theory of ferroelectric phase transitions for perovskites: The case of $BaTiO_3$}},
	journal = {{Phys. Rev. B}},
	volume = {{52}},
	number = {{9}},
	pages = {6301-6312},
	year = {{1995}},


}

@article{wu+04prb,

	Publisher = {{APS}},
	author = {Wu, Z. and Cohen, R. E. and Singh, D. J.},
	title = {{Comparing the weighted density approximation with the LDA and GGA for ground-state properties of ferroelectric perovskites}},
	journal = {{Phys. Rev. B}},
	volume = {{70}},
	number = {{10}},
	pages = {104112},
	year = {{2004}},

}

@article{coli+08prb,
	Month = {{Dec}},
	Numpages = {{12}},
	Publisher = {{American Physical Society}},
	author = {Colizzi, Giuseppe and Filippetti, Alessio and Cossu, Fabrizio and Fiorentini, Vincenzo},
	title = {{Interplay of strain and magnetism in $La_1-xSr_xMnO_3$ from first principles}},
	journal = {{Phys. Rev. B}},
	volume = {{78}},
	number = {{23}},
	pages = {235122},
	year = {{2008}},


}

@article{fang+00prl,
	Month = {{Apr}},
	Numpages = {{3}},
	Publisher = {{American Physical Society}},
	author = {Fang, Z. and Solovyev, I. V. and Terakura, K.},
	title = {{Phase Diagram of Tetragonal Manganites}},
	journal = {{Phys. Rev. Lett.}},
	volume = {{84}},
	number = {{14}},
	pages = {3169-3172},
	year = {{2000}},


}

@article{chma+03prb,
	Month = {{Mar}},
	Numpages = {{13}},
	Publisher = {{American Physical Society}},
	author = {Chmaissem, O. and Dabrowski, B. and Kolesnik, S. and Mais, J. and Jorgensen, J. D. and Short, S.},
	title = {{Structural and magnetic phase diagrams of $La_1-xSr_xMnO_3$ and $Pr_1-ySr_yMnO_3$ }},
	journal = {{Phys. Rev. B}},
	volume = {{67}},
	number = {{9}},
	pages = {094431},
	year = {{2003}},


}

@article{szew05prb,
	Month = {{Dec}},
	Numpages = {{8}},
	Publisher = {{American Physical Society}},
	author = {Szewczyk, A. and Gutowska, M. and Dabrowski, B.},
	title = {{Specific heat and phase diagram of heavily doped $La_1-xSr_xMnO_3$ $(0.45\lex\le1.0)$ }},
	journal = {{Phys. Rev. B}},
	volume = {{72}},
	number = {{22}},
	pages = {224429},
	year = {{2005}},


}

@article{dago+01pr,



	author = {Dagotto, Elbio and Hotta, Takashi and Moreo, Adriana},
	title = {{Colossal magnetoresistant materials: the key role of phase separation}},
	journal = {{Physics Reports}},
	volume = {{344}},
	number = {{1-3}},
	pages = {1-153},
	year = {{2001}},


}

@article{bell-vand00prb,
	Month = {{Mar}},
	Numpages = {{5}},
	Publisher = {{American Physical Society}},
	author = {Bellaiche, L. and Vanderbilt, David},
	title = {{Virtual crystal approximation revisited: Application to dielectric and piezoelectric properties of perovskites}},
	journal = {{Phys. Rev. B}},
	volume = {{61}},
	number = {{12}},
	pages = {7877-7882},
	year = {{2000}},


}

@article{rodr+98prb,
	Month = {{Feb}},
	Numpages = {{3}},
	Publisher = {{American Physical Society}},
	author = {Rodr{\'{i}}guez-Carvajal, J. and Hennion, M. and Moussa, F. and Moudden, A. H. and Pinsard, L. and Revcolevschi, A.},
	title = {{Neutron-diffraction study of the Jahn-Teller transition in stoichiometric $LaMnO_3$}},
	journal = {{Phys. Rev. B}},
	volume = {{57}},
	number = {{6}},
	pages = {-3189},
	year = {{1998}},


}

@article{muno+04prb,
	Month = {{Feb}},
	Numpages = {{9}},
	Publisher = {{American Physical Society}},
	author = {Mu{\~{n}}oz, D. and Harrison, N. M. and Illas, F.},
	title = {{Electronic and magnetic structure of $LaMnO_3$ from hybrid periodic density-functional theory}},
	journal = {{Phys. Rev. B}},
	volume = {{69}},
	number = {{8}},
	pages = {085115},
	year = {{2004}},


}

@article{sawa+97prb,
	Month = {{Nov}},
	Numpages = {{6}},
	Publisher = {{American Physical Society}},
	author = {Sawada, H. and Morikawa, Y. and Terakura, K. and Hamada, N.},
	title = {{Jahn-Teller distortion and magnetic structures in $LaMnO_3$ }},
	journal = {{Phys. Rev. B}},
	volume = {{56}},
	number = {{19}},
	pages = {12154-12160},
	year = {{1997}},


}

@article{dabro+99prb,
	Month = {{Sep}},
	Numpages = {{11}},
	Publisher = {{American Physical Society}},
	author = {Dabrowski, B. and Xiong, X. and Bukowski, Z. and Dybzinski, R. and Klamut, P. W. and Siewenie, J. E. and Chmaissem, O. and Shaffer, J. and Kimball, C. W. and Jorgensen, J. D. and Short, S.},
	title = {{Structure-properties phase diagram for $La_1-xSr_xMnO_3$ $(0.1< x< 0.2)$ }},
	journal = {{Phys. Rev. B}},
	volume = {{60}},
	number = {{10}},
	pages = {7006-7017},
	year = {{1999}},


}

@article{mart+96prb,
	Month = {{Jun}},
	Numpages = {{5}},
	Publisher = {{American Physical Society}},
	author = {Martin, Michael C. and Shirane, G. and Endoh, Y. and Hirota, K. and Moritomo, Y. and Tokura, Y.},
	title = {{Magnetism and structural distortion in the $La_0.7$$Sr_0.3$Mn$O_3$ metallic ferromagnet}},
	journal = {{Phys. Rev. B}},
	volume = {{53}},
	number = {{21}},
	pages = {14285-14290},
	year = {{1996}},


}

@article{kozl+04jpcm,
	Abstract = {{The crystal and magnetic structure of manganite La 0.7 Sr 0.3 MnO 3 has been studied in the pressure range 0{--}7.5{~}GPa and the temperature range 4{--}300{~}K. The ferromagnetic state of La 0.7 Sr 0.3 MnO 3 remains stable in the whole studied pressure range. The Curie temperature increases as d T C /d P = 4.3{~}K{~}GPa {$-$}1 . Unlike the manganites with orthorhombic crystal structure, the pressure-induced increase of T C in La 0.7 Sr 0.3 MnO 3 having the rhombohedral crystal structure of ##IMG## [http://ej.iop.org/images/0953-8984/16/37/011/cm184790ieqn1.gif] R\bar 3c symmetry may be explained by modification of structural parameters only. The difference between the properties of manganites with rhombohedral and orthorhombic structures under high pressure is discussed in terms of the symmetry of MnO 6 octahedra.}},

	author = {Kozlenko, D. P. and Goncharenko, I. N. and Savenko, B. N. and Voronin, V. I.},
	title = {{High pressure effects on the crystal and magnetic structure of La 0.7 Sr 0.3 MnO 3}},
	journal = {{J. Phys. Cond. Mat.}},
	volume = {{16}},
	number = {{37}},
	pages = {6755},
	year = {{2004}},

}

@article{gran+98prb,

	Publisher = {{APS}},
	author = {Granado, E. and Moreno, N. O. and Garcia, A. and Sanjurjo, J. A. and Rettori, C. and Torriani, I. and Oseroff, S. B. and Neumeier, J. J. and McClellan, K. J. and Cheong, S. W. and others,},
	title = {{Phonon Raman scattering in R_ $$1-x$$ A_ $$x$$ MnO_ $$3+ {$\delta$}$$(R= La, Pr; A= Ca, Sr)}},
	journal = {{Phys. Rev. B}},
	volume = {{58}},
	number = {{17}},
	pages = {11435-11440},
	year = {{1998}},

}

@article{abra+99prb,

	Publisher = {{APS}},
	author = {Abrashev, M. V. and Litvinchuk, A. P. and Iliev, M. N. and Meng, R. L. and Popov, V. N. and Ivanov, V. G. and Chakalov, R. A. and Thomsen, C.},
	title = {{Comparative study of optical phonons in the rhombohedrally distorted perovskites LaAlO_ $$3$$ and LaMnO_ $$3$$}},
	journal = {{Phys. Rev. B}},
	volume = {{59}},
	number = {{6}},
	pages = {4146-4153},
	year = {{1999}},

}

@article{lang89amc,

	Publisher = {{Elsevier}},
	author = {Langerholc, J.},
	title = {{Volumes of diced hyperspheres: resumming the Tam-Zardecki formula}},
	journal = {{Applied Mathematics and Computation}},
	volume = {{30}},
	number = {{1}},
	pages = {1-18},
	year = {{1989}},
}

@article{coli+07prb,
	Month = {{Aug}},
	Numpages = {{9}},
	Publisher = {{American Physical Society}},
	author = {Colizzi, Giuseppe and Filippetti, Alessio and Fiorentini, Vincenzo},
	title = {{Magnetism of $La_0.625Sr_0.375MnO_3$ under high pressure from first principles}},
	journal = {{Phys. Rev. B}},
	volume = {{76}},
	number = {{6}},
	pages = {064428},
	year = {{2007}},

}

@article{ceri+11jcp,
	Eid = {{084104}},

	Numpages = {{9}},
	Publisher = {{AIP}},

	author = {Ceriotti, M. and Manolopoulos, D. E. and Parrinello, M.},
	title = {{Accelerating the convergence of path integral dynamics with a generalized Langevin equation}},
	journal = {{J. Chem. Phys.}},
	volume = {{134}},
	number = {{8}},
	pages = {084104},
	year = {{2011}},


}

@article{mice+11prb,
	Month = {{Feb}},
	Numpages = {{5}},
	Publisher = {{American Physical Society}},
	author = {Miceli, Giacomo and Ceriotti, Michele and Bernasconi, Marco and Parrinello, Michele},
	title = {{Static disorder and structural correlations in the low-temperature phase of lithium imide}},
	journal = {{Phys. Rev. B}},
	volume = {{83}},
	number = {{5}},
	pages = {054119},
	year = {{2011}},


}

@article{ande83jcp,

	Publisher = {{Elsevier}},
	author = {Andersen, H. C.},
	title = {{Rattle: A}},
	journal = {{J. Comp. Phys.}},
	volume = {{52}},
	number = {{1}},
	pages = {24-34},
	year = {{1983}},

}

@article{baro+01rmp,
	Publisher = {{American Physical Society}},
	author = {Baroni, S. and De Gironcoli, S. and Dal Corso, A. and Giannozzi, P.},
	title = {{Phonons and related crystal properties from density-functional perturbation theory}},
	journal = {{Rev. Mod. Phys.}},
	volume = {{73}},
	number = {{2}},
	pages = {515},
	year = {{2001}},
}

@article{jang+01jcp,

	Publisher = {{AIP}},

	author = {Jang, S. and Jang, S. and Voth, G. A.},
	title = {{Applications of higher order composite factorization schemes in imaginary time path integral simulations}},
	journal = {{J. Chem. Phys.}},
	volume = {{115}},
	number = {{17}},
	pages = {7832-7842},
	year = {{2001}},

}

@article{mice+11jpcc,


	author = {Miceli, Giacomo and Ceriotti, Michele and Angioletti-Uberti, Stefano and Bernasconi, Marco and Parrinello, Michele},
	title = {{First-Principles Study of the High-Temperature Phase of Li2NH}},
	journal = {{J. Phys. Chem. C}},
	volume = {{115}},
	number = {{14}},
	pages = {7076-7080},
	year = {{2011}},


}

@article{ceri-parr10pcs,


	Note = {{ICCS 2010}},

	author = {Ceriotti, Michele and Parrinello, Michele},
	title = {{The [delta]-thermostat: selective normal-modes excitation by colored-noise Langevin dynamics}},
	journal = {{Procedia Computer Science}},
	volume = {{1}},
	number = {{1}},
	pages = {1607-1614},
	year = {{2010}},


}

@article{ceri+09proc,
	Editor = {George Maroulis and Theodore E. Simos},

	Publisher = {{AIP}},

	author = {Ceriotti, Michele and K{\"{u}}hne, Thomas D. and Parrinello, Michele},
	title = {{A Hybrid Approach to Fermi Operator Expansion}},
	journal = {{AIP Conference Proceedings}},
	volume = {{1148}},
	number = {{1}},
	pages = {658-661},
	year = {{2009}},


}

@article{fent60iret,
	Publisher = {{IEEE}},
	author = {Fenton, L.},
	title = {{The sum of log-normal probability distributions in scatter transmission systems}},
	journal = {{IRE Trans. Comm. Sys.}},
	volume = {{8}},
	number = {{1}},
	pages = {57-67},
	year = {{1960}},
}

@article{taka-imad84jpsj,
	Publisher = {{**********}},
	author = {Takahashi, M. and Imada, M.},
	title = {{Monte Carlo calculation of quantum systems. II. Higher order correction}},
	journal = {{J. Phys. Soc. Jap.}},
	volume = {{53}},
	number = {{11}},
	pages = {3765-3769},
	year = {{1984}},
}

@article{li-brou87jcp,
	author = {Li, X. P. and Broughton, J. Q.},
	title = {{High-order correction to the Trotter expansion for use in computer simulation}},
	journal = {{J. Chem. Phys.}},
	volume = {{86}},
	pages = {5094},
	year = {{1987}},
}

@article{chin06pla,
	Publisher = {{Elsevier}},
	author = {Chin, S. A.},
	title = {{A fundamental theorem on the structure of symplectic integrators}},
	journal = {{Phys. Lett. A}},
	volume = {{354}},
	number = {{5-6}},
	pages = {373-376},
	year = {{2006}},
}

@article{suzu95pla,
	Publisher = {{Elsevier}},
	author = {Suzuki, M.},
	title = {{Hybrid exponential product formulas for unbounded operators with possible applications to Monte Carlo simulations}},
	journal = {{Phys. Lett. A}},
	volume = {{201}},
	number = {{5-6}},
	pages = {425-428},
	year = {{1995}},
}

@article{bono+09jcc,
	Publisher = {{Wiley Online Library}},
	author = {Bonomi, M. and Barducci, A. and Parrinello, M.},
	title = {{Reconstructing the equilibrium Boltzmann distribution from well-tempered metadynamics}},
	journal = {{J. Comp. Chem.}},
	volume = {{30}},
	number = {{11}},
	pages = {1615-1621},
	year = {{2009}},
}

@article{hast70bio,
	Abstract = {{A generalization of the sampling method introduced by Metropolis et al. (1953) is presented along with an exposition of the relevant theory, techniques of application and methods and difficulties of assessing the error in Monte Carlo estimates. Examples of the methods, including the generation of random orthogonal matrices and potential applications of the methods to numerical problems arising in statistics, are discussed.}},
	Copyright = {{Copyright {\copyright} 1970 Biometrika Trust}},

	Jstor_articletype = {{research-article}},
	Jstor_formatteddate = {{Apr., 1970}},
	Language = {{English}},
	Publisher = {{Biometrika Trust}},

	author = {Hastings, W. K.},
	title = {{Monte Carlo Sampling Methods Using Markov Chains and Their Applications}},
	journal = {{Biometrika}},
	volume = {{57}},
	number = {{1}},
	pages = {-97},
	year = {{1970}},
}

@article{kuma+92jcc,
	Publisher = {{Wiley Online Library}},
	author = {Kumar, S. and Rosenberg, J. M. and Bouzida, D. and Swendsen, R. H. and Kollman, P. A.},
	title = {{The weighted histogram analysis method for free-energy calculations on biomolecules. I. The method}},
	journal = {{J. Comp. Chem.}},
	volume = {{13}},
	number = {{8}},
	pages = {1011-1021},
	year = {{1992}},
}

@article{barb+98npb,
	Publisher = {{Elsevier}},
	author = {Barbour, I. M. and Morrison, S. E. and Klepfish, E. G. and Kogut, J. B. and Lombardo, M. P.},
	title = {{Results on finite density QCD}},
	journal = {{Nucl. Phys. B}},
	volume = {{60}},
	number = {{1-2}},
	pages = {220-233},
	year = {{1998}},
}

@article{fodo-katz02plb,
	Publisher = {{Elsevier}},
	author = {Fodor, Z. and Katz, S. D.},
	title = {{A New method to study lattice QCD at finite temperature and chemical potential}},
	journal = {{Phys. Lett. B}},
	volume = {{534}},
	number = {{1-4}},
	pages = {87-92},
	year = {{2002}},
}

@article{smit-robe93jrssb,
	Publisher = {{JSTOR}},
	author = {Smith, A. F. M. and Roberts, G. O.},
	title = {{Bayesian computation via the Gibbs sampler and related Markov chain Monte Carlo methods}},
	journal = {{J. Royal Stat. Soc. B}},
	volume = {{55}},
	number = {{1}},
	pages = {3-23},
	year = {{1993}},
}

@article{poho+10jpcb,
  title={Good practices in free-energy calculations},
  author={Pohorille, A. and Jarzynski, C. and Chipot, C.},
  journal={J. Phys. Chem. B},
  year={2010},
}

