@article{buss-parr08cpc,

	author = {Bussi, G. and Parrinello, M.},
	title = {{Stochastic thermostats: comparison of local and global schemes}},
	journal = {{Comp. Phys. Comm.}},
	volume = {{179}},
	pages = {26},
	year = {{2008}},


}

@article{lverlet67pr,

	author = {Verlet, L.},
	title = {{Computer "Experiments" on Classical Fluids. I. Thermodynamical Properties of Lennard-Jones Molecules}},
	journal = {{Phys. Rev.}},
	volume = {{159}},
	pages = {98},
   number = {{1}},
	year = {{1967}},

}

@article{mart+99jcp,

   author = {Martyna, G. J. and Hughes, A. and Tuckerman, M. E.},
   title = {{Molecular dynamics algorithms for path integrals at constant pressure}}, 
   journal = {{J. Chem. Phys.}},
   volume = {{110}},
   pages = {3275},
   number = {{7}},
   year = {{1999}},

}

@article{mill-mano05jcp,

   author = {Miller, T. F. and Manolopoulos, D. E.},
   title = {{Quantum diffusion in liquid para-hydrogen from ring-polymer molecular dynamics}},
   journal = {{J. Chem. Phys.}},
   volume = {{122}},
   pages = {184503},
   year = {{2005}},

}

@article{linlin+10prl,

   author = {Lin, L. and Morrone, J. A. and Car, R. and Parrinello, M.},
   title = {{Displaced Path Integral Formulation for the Momentum Distribution of Quantum Particles}},
   journal = {{Phys. Rev. Lett.}},
   volume = {{105}},
   pages = {110602},
   year = {{2010}},

}
